30195636,6.88000000,12.40000000,40482420,40482421,1669248000659,True,True
30195637,6.90000000,157.00000000,40482422,40482426,1669248003841,False,True
30195638,6.91000000,43.82000000,40482427,40482432,1669248003841,False,True
30195639,6.92000000,74.16000000,40482433,40482436,1669248003841,False,True
30195640,6.89000000,63.02000000,40482437,40482440,1669248008953,True,True
30195641,6.88000000,52.15000000,40482441,40482443,1669248008953,True,True
30195642,6.90000000,1.52000000,40482444,40482444,1669248009733,False,True
30195643,6.90000000,2.71000000,40482445,40482445,1669248105085,False,True
30195644,6.88000000,2.94000000,40482446,40482446,1669248105798,True,True
30195645,6.88000000,1.61000000,40482447,40482448,1669248106087,True,True
30195646,6.90000000,2.20000000,40482449,40482449,1669248151198,False,True
30195647,6.90000000,29.00000000,40482450,40482451,1669248179651,False,True
30195648,6.90000000,2.45000000,40482452,40482452,1669248189943,False,True
30195649,6.89000000,2.19000000,40482453,40482453,1669248190238,True,True
30195650,6.89000000,12.26000000,40482454,40482454,1669248190251,True,True
30195651,6.90000000,2.53000000,40482455,40482455,1669248249438,False,True
30195652,6.88000000,66.09000000,40482456,40482458,1669248266805,True,True
30195653,6.87000000,117.17000000,40482459,40482464,1669248266805,True,True
30195654,6.86000000,91.44000000,40482465,40482468,1669248266805,True,True
30195655,6.87000000,56.75000000,40482469,40482470,1669248266893,True,True
30195656,6.87000000,2.46000000,40482471,40482471,1669248421426,False,True
30195657,6.87000000,2.17000000,40482472,40482472,1669248427910,False,True
30195658,6.86000000,3.18000000,40482473,40482473,1669248438888,True,True
30195659,6.85000000,91.67000000,40482474,40482474,1669248438888,True,True
30195660,6.85000000,17.23000000,40482475,40482475,1669248438925,False,True
30195661,6.85000000,5.97000000,40482476,40482476,1669248438944,False,True
30195662,6.85000000,84.30000000,40482477,40482477,1669248438964,False,True
30195663,6.86000000,30.20000000,40482478,40482478,1669248444449,False,True
30195664,6.87000000,27.41000000,40482479,40482481,1669248444449,False,True
30195665,6.85000000,32.15000000,40482482,40482484,1669248453802,True,True
30195666,6.84000000,21.77000000,40482485,40482486,1669248453802,True,True
30195667,6.87000000,8.68000000,40482487,40482488,1669248459223,False,True
30195668,6.86000000,2.43000000,40482489,40482489,1669248518065,False,True
30195669,6.86000000,1.58000000,40482490,40482490,1669248518130,False,True
30195670,6.86000000,4.67000000,40482491,40482491,1669248594150,False,True
30195671,6.85000000,15.66000000,40482492,40482492,1669248704545,True,True
30195672,6.86000000,4.67000000,40482493,40482493,1669248706400,False,True
30195673,6.86000000,19.65000000,40482494,40482495,1669248715322,False,True
30195674,6.86000000,13.99000000,40482496,40482496,1669248715444,False,True
30195675,6.86000000,24.79000000,40482497,40482498,1669248731995,False,True
30195676,6.86000000,26.42000000,40482499,40482499,1669248739345,False,True
30195677,6.86000000,20.00000000,40482500,40482502,1669248776146,False,True
30195678,6.86000000,30.00000000,40482503,40482503,1669248843945,False,True
30195679,6.86000000,5.00000000,40482504,40482504,1669248843958,False,True
30195680,6.87000000,2.92000000,40482505,40482505,1669248898895,False,True
30195681,6.87000000,2.49000000,40482506,40482506,1669248962393,False,True
30195682,6.86000000,56.22000000,40482507,40482510,1669249020714,True,True
30195683,6.86000000,5.79000000,40482511,40482511,1669249021686,False,True
30195684,6.86000000,17.20000000,40482512,40482512,1669249035104,False,True
30195685,6.86000000,11.18000000,40482513,40482513,1669249035126,False,True
30195686,6.86000000,6.81000000,40482514,40482514,1669249035501,False,True
30195687,6.87000000,25.70000000,40482515,40482517,1669249084389,False,True
30195688,6.88000000,36.19000000,40482518,40482520,1669249084389,False,True
30195689,6.89000000,225.42000000,40482521,40482525,1669249084389,False,True
30195690,6.90000000,339.00000000,40482526,40482528,1669249084389,False,True
30195691,6.91000000,62.54000000,40482529,40482530,1669249084389,False,True
30195692,6.87000000,46.70000000,40482531,40482532,1669249084531,True,True
30195693,6.90000000,40.15000000,40482533,40482533,1669249085568,True,True
30195694,6.89000000,40.15000000,40482534,40482534,1669249088388,True,True
30195695,6.90000000,1.91000000,40482535,40482535,1669249183768,False,True
30195696,6.89000000,14.53000000,40482536,40482537,1669249193029,True,True
30195697,6.89000000,18.93000000,40482538,40482539,1669249193040,True,True
30195698,6.88000000,14.63000000,40482540,40482542,1669249225845,True,True
30195699,6.88000000,43.13000000,40482543,40482544,1669249225854,True,True
30195700,6.88000000,40.63000000,40482545,40482546,1669249381386,False,True
30195701,6.87000000,4.27000000,40482547,40482547,1669249564267,True,True
30195702,6.89000000,22.78000000,40482548,40482549,1669249616685,False,True
30195703,6.89000000,2.42000000,40482550,40482550,1669249659361,False,True
30195704,6.89000000,15.38000000,40482551,40482552,1669249680482,False,True
30195705,6.89000000,4.37000000,40482553,40482554,1669249680489,False,True
30195706,6.89000000,10.97000000,40482555,40482555,1669249680551,True,True
30195707,6.88000000,5.95000000,40482556,40482556,1669249774061,False,True
30195708,6.87000000,4.99000000,40482557,40482557,1669249818050,True,True
30195709,6.87000000,16.00000000,40482558,40482560,1669249837392,True,True
30195710,6.87000000,22.03000000,40482561,40482562,1669249916202,True,True
30195711,6.86000000,13.81000000,40482563,40482563,1669249916202,True,True
30195712,6.86000000,35.84000000,40482564,40482566,1669249916205,True,True
30195713,6.87000000,14.53000000,40482567,40482567,1669249916219,True,True
30195714,6.86000000,14.53000000,40482568,40482568,1669249916219,True,True
30195715,6.85000000,7.26000000,40482569,40482569,1669249916225,True,True
30195716,6.84000000,7.38000000,40482570,40482571,1669249916225,True,True
30195717,6.85000000,14.42000000,40482572,40482572,1669249916237,True,True
30195718,6.85000000,7.49000000,40482573,40482573,1669249916248,True,True
30195719,6.86000000,10.00000000,40482574,40482574,1669249964205,False,True
30195720,6.86000000,1.53000000,40482575,40482575,1669249964655,False,True
30195721,6.84000000,38.96000000,40482576,40482576,1669249989001,True,True
30195722,6.84000000,8.00000000,40482577,40482577,1669249994344,True,True
30195723,6.85000000,2.11000000,40482578,40482578,1669250010312,False,True
30195724,6.85000000,2.33000000,40482579,40482579,1669250047745,False,True
30195725,6.85000000,10.00000000,40482580,40482580,1669250131944,False,True
30195726,6.84000000,2.89000000,40482581,40482581,1669250155027,True,True
30195727,6.84000000,3.40000000,40482582,40482582,1669250178959,True,True
30195728,6.84000000,3.44000000,40482583,40482583,1669250178978,True,True
30195729,6.84000000,3.44000000,40482584,40482584,1669250178978,True,True
30195730,6.84000000,14.66000000,40482585,40482589,1669250178978,True,True
30195731,6.84000000,39.10000000,40482590,40482591,1669250187948,True,True
30195732,6.84000000,3.44000000,40482592,40482592,1669250187999,True,True
30195733,6.84000000,3.44000000,40482593,40482593,1669250242180,True,True
30195734,6.84000000,3.39000000,40482594,40482594,1669250258155,True,True
30195735,6.83000000,23.06000000,40482595,40482598,1669250267851,True,True
30195736,6.83000000,29.59000000,40482599,40482600,1669250267860,True,True
30195737,6.84000000,3.25000000,40482601,40482601,1669250293414,False,True
30195738,6.83000000,28.52000000,40482602,40482603,1669250326496,True,True
30195739,6.83000000,2.65000000,40482604,40482604,1669250326508,True,True
30195740,6.83000000,1.72000000,40482605,40482605,1669250345926,True,True
30195741,6.83000000,12.03000000,40482606,40482612,1669250422692,True,True
30195742,6.83000000,64.48000000,40482613,40482615,1669250522566,False,True
30195743,6.83000000,14.10000000,40482616,40482617,1669250594790,True,True
30195744,6.82000000,51.70000000,40482618,40482619,1669250659307,True,True
30195745,6.82000000,120.15000000,40482620,40482624,1669250659315,True,True
30195746,6.82000000,24.19000000,40482625,40482626,1669250659337,True,True
30195747,6.82000000,6.77000000,40482627,40482627,1669250701576,True,True
30195748,6.82000000,17.31000000,40482628,40482628,1669250702762,True,True
30195749,6.82000000,17.31000000,40482629,40482629,1669250791252,True,True
30195750,6.83000000,2.14000000,40482630,40482630,1669250830926,False,True
30195751,6.83000000,5.14000000,40482631,40482631,1669250835732,False,True
30195752,6.83000000,5.15000000,40482632,40482632,1669250846340,False,True
30195753,6.82000000,17.31000000,40482633,40482633,1669250928746,True,True
30195754,6.82000000,17.31000000,40482634,40482634,1669250928774,True,True
30195755,6.82000000,4.70000000,40482635,40482635,1669250953056,True,True
30195756,6.83000000,20.49000000,40482636,40482636,1669250957682,False,True
30195757,6.83000000,43.72000000,40482637,40482637,1669251075008,False,True
30195758,6.83000000,1.79000000,40482638,40482638,1669251104001,False,True
30195759,6.83000000,19.89000000,40482639,40482639,1669251205978,False,True
30195760,6.83000000,2.67000000,40482640,40482640,1669251208417,False,True
30195761,6.82000000,1.80000000,40482641,40482641,1669251258843,True,True
30195762,6.83000000,2.44000000,40482642,40482642,1669251271388,False,True
30195763,6.83000000,3.22000000,40482643,40482643,1669251329158,False,True
30195764,6.83000000,2.79000000,40482644,40482644,1669251373780,False,True
30195765,6.83000000,2.90000000,40482645,40482645,1669251421575,False,True
30195766,6.82000000,2.17000000,40482646,40482646,1669251503573,True,True
30195767,6.82000000,18.72000000,40482647,40482647,1669251583970,True,True
30195768,6.82000000,55.96000000,40482648,40482650,1669251791113,True,True
30195769,6.82000000,78.77000000,40482651,40482652,1669251791419,False,True
30195770,6.82000000,1.07000000,40482653,40482653,1669251791428,False,True
30195771,6.81000000,51.03000000,40482654,40482655,1669251885392,False,True
30195772,6.81000000,41.49000000,40482656,40482657,1669251885399,False,True
30195773,6.81000000,29.36000000,40482658,40482658,1669251885419,True,True
30195774,6.80000000,42.80000000,40482659,40482661,1669251885419,True,True
30195775,6.80000000,22.65000000,40482662,40482663,1669251885420,True,True
30195776,6.80000000,6.88000000,40482664,40482664,1669251885432,True,True
30195777,6.79000000,8.00000000,40482665,40482665,1669251885432,True,True
30195778,6.78000000,35.96000000,40482666,40482669,1669251885432,True,True
30195779,6.78000000,50.84000000,40482670,40482673,1669251885444,True,True
30195780,6.81000000,1.70000000,40482674,40482674,1669251889202,False,True
30195781,6.80000000,2.88000000,40482675,40482675,1669251894642,False,True
30195782,6.80000000,2.94000000,40482676,40482676,1669251895490,False,True
30195783,6.80000000,7.35000000,40482677,40482677,1669251895491,False,True
30195784,6.80000000,45.58000000,40482678,40482680,1669251895497,False,True
30195785,6.80000000,2.94000000,40482681,40482681,1669251895504,False,True
30195786,6.80000000,1.76000000,40482682,40482682,1669251895512,False,True
30195787,6.80000000,4.70000000,40482683,40482683,1669251895522,False,True
30195788,6.79000000,21.83000000,40482684,40482684,1669251983133,True,True
30195789,6.80000000,1.98000000,40482685,40482686,1669252037181,False,True
30195790,6.80000000,51.00000000,40482687,40482688,1669252080878,False,True
30195791,6.81000000,15.79000000,40482689,40482689,1669252080878,False,True
30195792,6.79000000,2.41000000,40482690,40482690,1669252139966,True,True
30195793,6.80000000,1.54000000,40482691,40482691,1669252140774,False,True
30195794,6.80000000,12.99000000,40482692,40482692,1669252188897,False,True
30195795,6.80000000,17.36000000,40482693,40482693,1669252188925,True,True
30195796,6.80000000,116.70000000,40482694,40482694,1669252188935,True,True
30195797,6.79000000,17.36000000,40482695,40482695,1669252188935,True,True
30195798,6.79000000,9.02000000,40482696,40482696,1669252190992,True,True
30195799,6.81000000,3.88000000,40482697,40482697,1669252203159,False,True
30195800,6.80000000,17.36000000,40482698,40482698,1669252204200,True,True
30195801,6.80000000,42.56000000,40482699,40482699,1669252204210,True,True
30195802,6.80000000,101.83000000,40482700,40482701,1669252204245,True,True
30195803,6.79000000,42.56000000,40482702,40482704,1669252204245,True,True
30195804,6.79000000,116.86000000,40482705,40482710,1669252204333,True,True
30195805,6.79000000,1.73000000,40482711,40482711,1669252204516,True,True
30195806,6.79000000,1.73000000,40482712,40482712,1669252208328,True,True
30195807,6.80000000,39.02000000,40482713,40482714,1669252212145,False,True
30195808,6.79000000,1.73000000,40482715,40482715,1669252212175,True,True
30195809,6.80000000,116.48000000,40482716,40482720,1669252212646,False,True
30195810,6.80000000,30.57000000,40482721,40482721,1669252212651,True,True
30195811,6.79000000,17.39000000,40482722,40482722,1669252219246,True,True
30195812,6.79000000,7.74000000,40482723,40482723,1669252219260,True,True
30195813,6.80000000,67.29000000,40482724,40482726,1669252221714,False,True
30195814,6.80000000,17.36000000,40482727,40482727,1669252221736,True,True
30195815,6.80000000,77.11000000,40482728,40482729,1669252221776,True,True
30195816,6.79000000,17.36000000,40482730,40482730,1669252221776,True,True
30195817,6.79000000,57.73000000,40482731,40482736,1669252221837,True,True
30195818,6.80000000,32.07000000,40482737,40482738,1669252226435,False,True
30195819,6.80000000,17.36000000,40482739,40482739,1669252226461,True,True
30195820,6.80000000,17.36000000,40482740,40482740,1669252226533,True,True
30195821,6.80000000,44.27000000,40482741,40482741,1669252226558,True,True
30195822,6.80000000,21.39000000,40482742,40482742,1669252306215,True,True
30195823,6.80000000,36.22000000,40482743,40482746,1669252313597,True,True
30195824,6.79000000,6.91000000,40482747,40482748,1669252313597,True,True
30195825,6.80000000,15.39000000,40482749,40482749,1669252566235,False,True
30195826,6.80000000,40.96000000,40482750,40482750,1669252566245,False,True
30195827,6.80000000,101.49000000,40482751,40482754,1669252654837,False,True
30195828,6.80000000,36.50000000,40482755,40482755,1669252682742,True,True
30195829,6.80000000,29.30000000,40482756,40482756,1669252714124,True,True
30195830,6.81000000,2.80000000,40482757,40482757,1669252782680,False,True
30195831,6.81000000,35.56000000,40482758,40482760,1669252911333,False,True
30195832,6.81000000,29.36000000,40482761,40482762,1669252977744,False,True
30195833,6.81000000,83.07000000,40482763,40482765,1669253014092,False,True
30195834,6.81000000,101.96000000,40482766,40482770,1669253022990,True,True
30195835,6.80000000,138.53000000,40482771,40482776,1669253022990,True,True
30195836,6.79000000,217.89000000,40482777,40482781,1669253022990,True,True
30195837,6.78000000,118.25000000,40482782,40482785,1669253022990,True,True
30195838,6.77000000,458.98000000,40482786,40482791,1669253022990,True,True
30195839,6.76000000,98.95000000,40482792,40482799,1669253022990,True,True
30195840,6.75000000,491.55000000,40482800,40482807,1669253022990,True,True
30195841,6.74000000,147.27000000,40482808,40482816,1669253022990,True,True
30195842,6.74000000,11.86000000,40482817,40482817,1669253022990,True,True
30195843,6.73000000,2.69000000,40482818,40482818,1669253022990,True,True
30195844,6.73000000,10.21000000,40482819,40482821,1669253022990,True,True
30195845,6.73000000,10.21000000,40482822,40482824,1669253022990,True,True
30195846,6.75000000,53.52000000,40482825,40482825,1669253022996,False,True
30195847,6.75000000,0.03000000,40482826,40482826,1669253022996,False,True
30195848,6.80000000,6.32000000,40482827,40482827,1669253023023,False,True
30195849,6.78000000,3.68000000,40482828,40482828,1669253023047,False,True
30195850,6.78000000,4.67000000,40482829,40482829,1669253023072,False,True
30195851,6.78000000,3.69000000,40482830,40482830,1669253023072,False,True
30195852,6.77000000,6.32000000,40482831,40482831,1669253023080,False,True
30195853,6.77000000,6.32000000,40482832,40482832,1669253023081,False,True
30195854,6.77000000,6.32000000,40482833,40482833,1669253023081,False,True
30195855,6.77000000,6.32000000,40482834,40482834,1669253023082,False,True
30195856,6.77000000,6.32000000,40482835,40482835,1669253023082,False,True
30195857,6.77000000,4.67000000,40482836,40482836,1669253023082,False,True
30195858,6.77000000,6.32000000,40482837,40482837,1669253023083,False,True
30195859,6.77000000,5.31000000,40482838,40482838,1669253023083,False,True
30195860,6.78000000,1.01000000,40482839,40482839,1669253023083,False,True
30195861,6.78000000,1.62000000,40482840,40482840,1669253023084,False,True
30195862,6.78000000,43.43000000,40482841,40482842,1669253023151,False,True
30195863,6.79000000,70.04000000,40482843,40482843,1669253023151,False,True
30195864,6.80000000,50.62000000,40482844,40482845,1669253023151,False,True
30195865,6.80000000,17.12000000,40482846,40482846,1669253023157,True,True
30195866,6.81000000,1.72000000,40482847,40482847,1669253024861,True,True
30195867,6.82000000,3.81000000,40482848,40482848,1669253025661,False,True
30195868,6.81000000,12.84000000,40482849,40482849,1669253026702,True,True
30195869,6.80000000,3.73000000,40482850,40482850,1669253026764,True,True
30195870,6.81000000,31.52000000,40482851,40482851,1669253026803,False,True
30195871,6.82000000,1.75000000,40482852,40482852,1669253027641,False,True
30195872,6.82000000,2.93000000,40482853,40482853,1669253027644,False,True
30195873,6.82000000,2.69000000,40482854,40482854,1669253027647,False,True
30195874,6.82000000,1.53000000,40482855,40482855,1669253027648,False,True
30195875,6.82000000,4.39000000,40482856,40482857,1669253027652,False,True
30195876,6.82000000,4.69000000,40482858,40482859,1669253027655,False,True
30195877,6.82000000,1.53000000,40482860,40482860,1669253027657,False,True
30195878,6.82000000,1.53000000,40482861,40482861,1669253027672,False,True
30195879,6.80000000,3.76000000,40482862,40482862,1669253027696,True,True
30195880,6.82000000,1.61000000,40482863,40482864,1669253027898,False,True
30195881,6.82000000,71.89000000,40482865,40482867,1669253028401,False,True
30195882,6.82000000,2.05000000,40482868,40482868,1669253028701,False,True
30195883,6.81000000,17.33000000,40482869,40482869,1669253096129,True,True
30195884,6.81000000,17.33000000,40482870,40482870,1669253096157,True,True
30195885,6.81000000,33.81000000,40482871,40482872,1669253096157,True,True
30195886,6.80000000,73.70000000,40482873,40482873,1669253096157,True,True
30195887,6.81000000,1.67000000,40482874,40482874,1669253096547,True,True
30195888,6.82000000,0.48000000,40482875,40482875,1669253107174,False,True
30195889,6.82000000,1.79000000,40482876,40482876,1669253170685,False,True
30195890,6.82000000,43.48000000,40482877,40482878,1669253393678,False,True
30195891,6.82000000,43.48000000,40482879,40482881,1669253393698,False,True
30195892,6.82000000,29.34000000,40482882,40482883,1669253393708,False,True
30195893,6.82000000,14.70000000,40482884,40482884,1669253393735,True,True
30195894,6.82000000,1.56000000,40482885,40482885,1669253407381,True,True
30195895,6.83000000,2.42000000,40482886,40482886,1669253454151,False,True
30195896,6.83000000,44.28000000,40482887,40482889,1669253460175,False,True
30195897,6.83000000,100.00000000,40482890,40482890,1669253460175,False,True
30195898,6.83000000,72.78000000,40482891,40482891,1669253460404,False,True
30195899,6.83000000,158.48000000,40482892,40482898,1669253460406,False,True
30195900,6.84000000,68.91000000,40482899,40482903,1669253467261,False,True
30195901,6.85000000,11.97000000,40482904,40482904,1669253468027,True,True
30195902,6.85000000,1.97000000,40482905,40482905,1669253483119,True,True
30195903,6.86000000,23.29000000,40482906,40482907,1669253683588,False,True
30195904,6.85000000,2.91000000,40482908,40482908,1669253696591,True,True
30195905,6.86000000,0.46000000,40482909,40482909,1669253702024,False,True
30195906,6.85000000,10.33000000,40482910,40482910,1669254025225,True,True
30195907,6.85000000,93.00000000,40482911,40482914,1669254061872,True,True
30195908,6.86000000,19.30000000,40482915,40482915,1669254173151,False,True
30195909,6.86000000,53.99000000,40482916,40482918,1669254173206,False,True
30195910,6.86000000,9.99000000,40482919,40482919,1669254183100,True,True
30195911,6.86000000,108.21000000,40482920,40482925,1669254195562,True,True
30195912,6.86000000,16.16000000,40482926,40482926,1669254195652,False,True
30195913,6.86000000,36.54000000,40482927,40482927,1669254277502,False,True
30195914,6.86000000,6.21000000,40482928,40482928,1669254323010,False,True
30195915,6.87000000,1.91000000,40482929,40482929,1669254328140,False,True
30195916,6.86000000,7.78000000,40482930,40482930,1669254382152,False,True
30195917,6.86000000,5.10000000,40482931,40482932,1669254391304,False,True
30195918,6.86000000,4.28000000,40482933,40482933,1669254391339,False,True
30195919,6.86000000,5.20000000,40482934,40482934,1669254408366,False,True
30195920,6.86000000,2.74000000,40482935,40482935,1669254410769,False,True
30195921,6.86000000,39.50000000,40482936,40482944,1669254466068,False,True
30195922,6.87000000,9.55000000,40482945,40482947,1669254467561,False,True
30195923,6.88000000,4.39000000,40482948,40482949,1669254484338,False,True
30195924,6.87000000,3.17000000,40482950,40482950,1669254500790,True,True
30195925,6.87000000,7.34000000,40482951,40482951,1669254501123,True,True
30195926,6.88000000,0.54000000,40482952,40482952,1669254503502,False,True
30195927,6.87000000,1.57000000,40482953,40482953,1669254503543,True,True
30195928,6.88000000,28.26000000,40482954,40482954,1669254505578,False,True
30195929,6.89000000,2.18000000,40482955,40482955,1669254575667,False,True
30195930,6.89000000,97.28000000,40482956,40482963,1669254612835,False,True
30195931,6.90000000,260.30000000,40482964,40482966,1669254612835,False,True
30195932,6.89000000,17.13000000,40482967,40482967,1669254612884,True,True
30195933,6.89000000,14.40000000,40482968,40482968,1669254612920,True,True
30195934,6.88000000,14.40000000,40482969,40482969,1669254612947,True,True
30195935,6.89000000,44.16000000,40482970,40482971,1669254644388,False,True
30195936,6.89000000,42.33000000,40482972,40482972,1669254644392,True,True
30195937,6.89000000,17.15000000,40482973,40482973,1669254644398,True,True
30195938,6.89000000,337.84000000,40482974,40482974,1669254644475,True,True
30195939,6.89000000,138.96000000,40482975,40482976,1669254644485,True,True
30195940,6.89000000,2.17000000,40482977,40482977,1669254645299,False,True
30195941,6.89000000,12.35000000,40482978,40482978,1669254654439,False,True
30195942,6.90000000,407.98000000,40482979,40482981,1669254654439,False,True
30195943,6.90000000,449.21000000,40482982,40482982,1669254654444,True,True
30195944,6.90000000,0.02000000,40482983,40482983,1669254654444,True,True
30195945,6.88000000,45.53000000,40482984,40482986,1669254655290,True,True
30195946,6.88000000,1.53000000,40482987,40482987,1669254655305,True,True
30195947,6.89000000,1.58000000,40482988,40482988,1669254656248,False,True
30195948,6.88000000,2.41000000,40482989,40482990,1669254677142,True,True
30195949,6.90000000,71.78000000,40482991,40482995,1669254765821,False,True
30195950,6.91000000,81.39000000,40482996,40482999,1669254765821,False,True
30195951,6.92000000,45.38000000,40483000,40483003,1669254765821,False,True
30195952,6.93000000,19.12000000,40483004,40483004,1669254765821,False,True
30195953,6.90000000,14.51000000,40483005,40483005,1669254765852,True,True
30195954,6.89000000,30.05000000,40483006,40483007,1669254765878,True,True
30195955,6.89000000,15.56000000,40483008,40483008,1669254766419,True,True
30195956,6.90000000,81.52000000,40483009,40483012,1669254787560,False,True
30195957,6.89000000,26.89000000,40483013,40483014,1669254787635,True,True
30195958,6.89000000,56.46000000,40483015,40483016,1669254787703,True,True
30195959,6.88000000,3.59000000,40483017,40483017,1669254888269,True,True
30195960,6.88000000,1.60000000,40483018,40483018,1669254888517,True,True
30195961,6.88000000,4.68000000,40483019,40483019,1669254888530,True,True
30195962,6.88000000,2.94000000,40483020,40483021,1669254888531,True,True
30195963,6.88000000,2.92000000,40483022,40483022,1669254888536,True,True
30195964,6.88000000,2.68000000,40483023,40483023,1669254888537,True,True
30195965,6.88000000,1.52000000,40483024,40483024,1669254888552,True,True
30195966,6.88000000,1.74000000,40483025,40483025,1669254888555,True,True
30195967,6.90000000,74.26000000,40483026,40483028,1669254920966,False,True
30195968,6.91000000,61.89000000,40483029,40483031,1669254920966,False,True
30195969,6.92000000,38.36000000,40483032,40483035,1669254920966,False,True
30195970,6.93000000,43.16000000,40483036,40483036,1669254920966,False,True
30195971,6.90000000,11.71000000,40483037,40483037,1669254920994,True,True
30195972,6.90000000,3.17000000,40483038,40483038,1669254922947,True,True
30195973,6.92000000,27.23000000,40483039,40483041,1669254929635,False,True
30195974,6.90000000,1.75000000,40483042,40483042,1669254930567,True,True
30195975,6.90000000,2.93000000,40483043,40483043,1669254930570,True,True
30195976,6.90000000,4.69000000,40483044,40483044,1669254930592,True,True
30195977,6.90000000,2.73000000,40483045,40483045,1669254937149,True,True
30195978,6.92000000,0.51000000,40483046,40483046,1669254960406,False,True
30195979,6.92000000,8.86000000,40483047,40483047,1669254961392,False,True
30195980,6.92000000,3.21000000,40483048,40483048,1669254961406,True,True
30195981,6.92000000,7.28000000,40483049,40483049,1669254961410,True,True
30195982,6.91000000,91.69000000,40483050,40483052,1669254961646,True,True
30195983,6.91000000,1.90000000,40483053,40483053,1669254975599,True,True
30195984,6.91000000,2.79000000,40483054,40483054,1669254979663,True,True
30195985,6.90000000,20.49000000,40483055,40483055,1669255019872,True,True
30195986,6.90000000,73.30000000,40483056,40483058,1669255019883,True,True
30195987,6.89000000,73.30000000,40483059,40483060,1669255020222,True,True
30195988,6.89000000,5.22000000,40483061,40483061,1669255020303,True,True
30195989,6.88000000,11.71000000,40483062,40483062,1669255029596,True,True
30195990,6.89000000,8.81000000,40483063,40483063,1669255042942,False,True
30195991,6.89000000,10.00000000,40483064,40483064,1669255047750,False,True
30195992,6.89000000,14.48000000,40483065,40483065,1669255082498,False,True
30195993,6.89000000,28.80000000,40483066,40483066,1669255083386,True,True
30195994,6.88000000,17.16000000,40483067,40483067,1669255095475,True,True
30195995,6.88000000,17.16000000,40483068,40483068,1669255096539,True,True
30195996,6.89000000,4.35000000,40483069,40483069,1669255138060,False,True
30195997,6.89000000,3.54000000,40483070,40483070,1669255147366,False,True
30195998,6.88000000,20.44000000,40483071,40483073,1669255159117,True,True
30195999,6.89000000,1.88000000,40483074,40483075,1669255165840,False,True
30196000,6.88000000,2.15000000,40483076,40483076,1669255166874,True,True
30196001,6.88000000,3.13000000,40483077,40483077,1669255177874,True,True
30196002,6.89000000,1.57000000,40483078,40483078,1669255260624,False,True
30196003,6.89000000,5.00000000,40483079,40483079,1669255265733,False,True
30196004,6.89000000,0.60000000,40483080,40483080,1669255267533,False,True
30196005,6.90000000,2.26000000,40483081,40483081,1669255267533,False,True
30196006,6.89000000,17.14000000,40483082,40483082,1669255270074,True,True
30196007,6.89000000,12.92000000,40483083,40483083,1669255277135,True,True
30196008,6.89000000,5.99000000,40483084,40483084,1669255277652,True,True
30196009,6.90000000,5.00000000,40483085,40483085,1669255280686,False,True
30196010,6.89000000,24.88000000,40483086,40483086,1669255281475,True,True
30196011,6.89000000,51.86000000,40483087,40483087,1669255331430,False,True
30196012,6.89000000,38.76000000,40483088,40483089,1669255331439,False,True
30196013,6.90000000,12.13000000,40483090,40483091,1669255331439,False,True
30196014,6.89000000,14.74000000,40483092,40483092,1669255335585,True,True
30196015,6.89000000,2.70000000,40483093,40483093,1669255346163,True,True
30196016,6.89000000,17.11000000,40483094,40483094,1669255390521,True,True
30196017,6.89000000,16.55000000,40483095,40483095,1669255392660,True,True
30196018,6.89000000,1.64000000,40483096,40483096,1669255489250,True,True
30196019,6.90000000,4.34000000,40483097,40483097,1669255513945,False,True
30196020,6.90000000,84.17000000,40483098,40483099,1669255536615,True,True
30196021,6.91000000,29.67000000,40483100,40483100,1669255558642,False,True
30196022,6.91000000,2.89000000,40483101,40483101,1669255558986,False,True
30196023,6.91000000,2.17000000,40483102,40483102,1669255605020,False,True
30196024,6.89000000,2.10000000,40483103,40483103,1669255651117,False,True
30196025,6.89000000,25.71000000,40483104,40483105,1669255726401,False,True
30196026,6.89000000,7.25000000,40483106,40483106,1669255734599,True,True
30196027,6.90000000,10.36000000,40483107,40483107,1669255902642,False,True
30196028,6.90000000,0.48000000,40483108,40483108,1669255935786,False,True
30196029,6.90000000,13.85000000,40483109,40483110,1669255941489,False,True
30196030,6.90000000,8.16000000,40483111,40483111,1669255941589,True,True
30196031,6.89000000,17.13000000,40483112,40483113,1669255976622,True,True
30196032,6.89000000,14.53000000,40483114,40483115,1669255976626,True,True
30196033,6.90000000,58.90000000,40483116,40483118,1669256000518,True,True
30196034,6.91000000,1.73000000,40483119,40483120,1669256001423,False,True
30196035,6.89000000,56.38000000,40483121,40483124,1669256007312,True,True
30196036,6.89000000,24.42000000,40483125,40483126,1669256007365,True,True
30196037,6.89000000,24.10000000,40483127,40483127,1669256068865,False,True
30196038,6.88000000,335.86000000,40483128,40483135,1669256069563,True,True
30196039,6.87000000,255.42000000,40483136,40483153,1669256069563,True,True
30196040,6.86000000,419.70000000,40483154,40483156,1669256069563,True,True
30196041,6.85000000,147.53000000,40483157,40483161,1669256069563,True,True
30196042,6.84000000,93.92000000,40483162,40483164,1669256069563,True,True
30196043,6.83000000,55.64000000,40483165,40483168,1669256069563,True,True
30196044,6.82000000,1364.56000000,40483169,40483178,1669256069563,True,True
30196045,6.81000000,419.16000000,40483179,40483182,1669256069563,True,True
30196046,6.80000000,3097.11000000,40483183,40483187,1669256069563,True,True
30196047,6.81000000,38.57000000,40483188,40483188,1669256069588,True,True
30196048,6.85000000,14.42000000,40483189,40483189,1669256069640,True,True
30196049,6.85000000,7.35000000,40483190,40483190,1669256069727,True,True
30196050,6.85000000,65.33000000,40483191,40483191,1669256069748,False,True
30196051,6.84000000,43.84000000,40483192,40483192,1669256071331,True,True
30196052,6.85000000,1.88000000,40483193,40483193,1669256073815,False,True
30196053,6.85000000,45.25000000,40483194,40483195,1669256074471,False,True
30196054,6.85000000,2.91000000,40483196,40483196,1669256074475,False,True
30196055,6.85000000,1.75000000,40483197,40483197,1669256074479,False,True
30196056,6.85000000,1.75000000,40483198,40483198,1669256074480,False,True
30196057,6.85000000,1.75000000,40483199,40483199,1669256074499,False,True
30196058,6.85000000,7.29000000,40483200,40483200,1669256074503,False,True
30196059,6.84000000,3.72000000,40483201,40483201,1669256075178,True,True
30196060,6.84000000,25.79000000,40483202,40483202,1669256088374,False,True
30196061,6.85000000,83.53000000,40483203,40483207,1669256088374,False,True
30196062,6.86000000,65.53000000,40483208,40483211,1669256088374,False,True
30196063,6.87000000,282.63000000,40483212,40483218,1669256088374,False,True
30196064,6.88000000,459.98000000,40483219,40483224,1669256088374,False,True
30196065,6.88000000,190.31000000,40483225,40483225,1669256088383,True,True
30196066,6.88000000,58.35000000,40483226,40483226,1669256088384,True,True
30196067,6.88000000,66.60000000,40483227,40483227,1669256088390,True,True
30196068,6.89000000,28.89000000,40483228,40483228,1669256088395,False,True
30196069,6.89000000,57.72000000,40483229,40483231,1669256088409,False,True
30196070,6.90000000,6.49000000,40483232,40483232,1669256088460,False,True
30196071,6.90000000,321.40000000,40483233,40483235,1669256088461,False,True
30196072,6.89000000,3.95000000,40483236,40483236,1669256088696,True,True
30196073,6.90000000,38.90000000,40483237,40483237,1669256088709,False,True
30196074,6.89000000,63.00000000,40483238,40483238,1669256106001,True,True
30196075,6.89000000,14.63000000,40483239,40483239,1669256106072,True,True
30196076,6.88000000,14.63000000,40483240,40483240,1669256106188,True,True
30196077,6.88000000,85.28000000,40483241,40483243,1669256116724,True,True
30196078,6.86000000,27.69000000,40483244,40483244,1669256119108,True,True
30196079,6.86000000,14.46000000,40483245,40483245,1669256157760,False,True
30196080,6.86000000,20.00000000,40483246,40483246,1669256163143,True,True
30196081,6.87000000,10.00000000,40483247,40483247,1669256190358,False,True
30196082,6.86000000,12.27000000,40483248,40483249,1669256211970,True,True
30196083,6.86000000,2.49000000,40483250,40483250,1669256221414,True,True
30196084,6.86000000,10.77000000,40483251,40483251,1669256236595,True,True
30196085,6.86000000,119.25000000,40483252,40483252,1669256237230,True,True
30196086,6.85000000,5.20000000,40483253,40483253,1669256243067,True,True
30196087,6.85000000,10.00000000,40483254,40483255,1669256243495,True,True
30196088,6.86000000,1.89000000,40483256,40483256,1669256249586,False,True
30196089,6.85000000,21.04000000,40483257,40483257,1669256299193,True,True
30196090,6.86000000,1.81000000,40483258,40483258,1669256299648,True,True
30196091,6.86000000,20.20000000,40483259,40483261,1669256328650,True,True
30196092,6.85000000,159.89000000,40483262,40483266,1669256375840,True,True
30196093,6.86000000,2.30000000,40483267,40483267,1669256396940,False,True
30196094,6.86000000,14.34000000,40483268,40483268,1669256396999,False,True
30196095,6.87000000,77.44000000,40483269,40483272,1669256427452,False,True
30196096,6.88000000,10.52000000,40483273,40483273,1669256427452,False,True
30196097,6.87000000,12.37000000,40483274,40483274,1669256521014,False,True
30196098,6.87000000,7.28000000,40483275,40483276,1669256523786,False,True
30196099,6.86000000,138.48000000,40483277,40483279,1669256580206,True,True
30196100,6.87000000,2.38000000,40483280,40483280,1669256581873,False,True
30196101,6.86000000,44.95000000,40483281,40483283,1669256605632,True,True
30196102,6.86000000,53.38000000,40483284,40483284,1669256622730,False,True
30196103,6.86000000,1.48000000,40483285,40483285,1669256627952,False,True
30196104,6.86000000,5.31000000,40483286,40483286,1669256740416,False,True
30196105,6.85000000,36.85000000,40483287,40483287,1669256752073,True,True
30196106,6.85000000,7.27000000,40483288,40483288,1669256797830,True,True
30196107,6.85000000,10.82000000,40483289,40483289,1669256829382,True,True
30196108,6.85000000,53.52000000,40483290,40483290,1669256917369,True,True
30196109,6.85000000,1.87000000,40483291,40483291,1669256918971,True,True
30196110,6.86000000,11.43000000,40483292,40483292,1669256948986,False,True
30196111,6.87000000,6.97000000,40483293,40483293,1669256948986,False,True
30196112,6.86000000,3.65000000,40483294,40483294,1669256956502,True,True
30196113,6.86000000,18.11000000,40483295,40483297,1669256956511,True,True
30196114,6.85000000,5.71000000,40483298,40483298,1669256981552,True,True
30196115,6.85000000,79.51000000,40483299,40483299,1669256991285,True,True
30196116,6.87000000,265.06000000,40483300,40483306,1669257003633,False,True
30196117,6.88000000,317.30000000,40483307,40483307,1669257003633,False,True
30196118,6.86000000,1.87000000,40483308,40483308,1669257009428,True,True
30196119,6.86000000,88.40000000,40483309,40483310,1669257062933,True,True
30196120,6.86000000,14.60000000,40483311,40483311,1669257066579,True,True
30196121,6.87000000,0.45000000,40483312,40483312,1669257109343,False,True
30196122,6.86000000,7.28000000,40483313,40483313,1669257188522,False,True
30196123,6.86000000,72.78000000,40483314,40483314,1669257332713,True,True
30196124,6.86000000,40.21000000,40483315,40483316,1669257332724,True,True
30196125,6.86000000,3.52000000,40483317,40483317,1669257332734,True,True
30196126,6.85000000,316.40000000,40483318,40483318,1669257454336,True,True
30196127,6.85000000,387.60000000,40483319,40483333,1669257629573,True,True
30196128,6.85000000,55.45000000,40483334,40483336,1669257647592,False,True
30196129,6.86000000,21.15000000,40483337,40483337,1669257647592,False,True
30196130,6.86000000,75.80000000,40483338,40483339,1669257648593,False,True
30196131,6.86000000,180.64000000,40483340,40483345,1669257700935,False,True
30196132,6.87000000,16.20000000,40483346,40483346,1669257700935,False,True
30196133,6.86000000,7.85000000,40483347,40483347,1669257758754,False,True
30196134,6.86000000,17.19000000,40483348,40483348,1669257759803,True,True
30196135,6.86000000,12.24000000,40483349,40483349,1669257759815,True,True
30196136,6.86000000,8.91000000,40483350,40483350,1669257782002,True,True
30196137,6.86000000,7.16000000,40483351,40483351,1669257788240,True,True
30196138,6.86000000,11.36000000,40483352,40483352,1669257811381,True,True
30196139,6.86000000,103.84000000,40483353,40483353,1669257833485,True,True
30196140,6.86000000,7.29000000,40483354,40483354,1669257862673,True,True
30196141,6.86000000,17.19000000,40483355,40483355,1669257872723,True,True
30196142,6.86000000,17.18000000,40483356,40483356,1669257872739,True,True
30196143,6.86000000,1.76000000,40483357,40483357,1669257872753,True,True
30196144,6.87000000,3.58000000,40483358,40483358,1669257897514,False,True
30196145,6.86000000,14.67000000,40483359,40483359,1669257922087,True,True
30196146,6.86000000,1.50000000,40483360,40483360,1669257963242,True,True
30196147,6.86000000,5.14000000,40483361,40483361,1669257965145,True,True
30196148,6.86000000,13.15000000,40483362,40483362,1669257983539,True,True
30196149,6.87000000,47.64000000,40483363,40483364,1669258100561,False,True
30196150,6.87000000,75.76000000,40483365,40483365,1669258187845,False,True
30196151,6.87000000,31.02000000,40483366,40483366,1669258214494,False,True
30196152,6.86000000,16.99000000,40483367,40483367,1669258223191,True,True
30196153,6.86000000,17.20000000,40483368,40483368,1669258223207,True,True
30196154,6.86000000,22.62000000,40483369,40483369,1669258223223,True,True
30196155,6.86000000,16.22000000,40483370,40483370,1669258223225,True,True
30196156,6.87000000,0.50000000,40483371,40483371,1669258223285,False,True
30196157,6.86000000,73.40000000,40483372,40483374,1669258233233,True,True
30196158,6.85000000,19.73000000,40483375,40483376,1669258406934,True,True
30196159,6.85000000,7.27000000,40483377,40483377,1669258407883,True,True
30196160,6.86000000,16.05000000,40483378,40483379,1669258562566,False,True
30196161,6.87000000,62.89000000,40483380,40483380,1669258562566,False,True
30196162,6.86000000,4.86000000,40483381,40483381,1669258562954,True,True
30196163,6.86000000,7.11000000,40483382,40483382,1669258726709,False,True
30196164,6.86000000,1.53000000,40483383,40483383,1669258727756,False,True
30196165,6.86000000,6.18000000,40483384,40483384,1669258731021,False,True
30196166,6.86000000,6.09000000,40483385,40483385,1669258731040,True,True
30196167,6.85000000,1.77000000,40483386,40483386,1669258883062,True,True
30196168,6.86000000,1.77000000,40483387,40483387,1669258899314,False,True
30196169,6.87000000,0.43000000,40483388,40483388,1669258899314,False,True
30196170,6.87000000,1.46000000,40483389,40483389,1669258912679,False,True
30196171,6.85000000,9.09000000,40483390,40483391,1669258919637,True,True
30196172,6.87000000,3.50000000,40483392,40483392,1669258920738,False,True
30196173,6.87000000,1.46000000,40483393,40483393,1669258925296,False,True
30196174,6.87000000,1.46000000,40483394,40483394,1669258932765,False,True
30196175,6.87000000,1.46000000,40483395,40483395,1669258935017,False,True
30196176,6.85000000,1.72000000,40483396,40483396,1669258939249,True,True
30196177,6.86000000,41.97000000,40483397,40483398,1669258939447,True,True
30196178,6.85000000,10.91000000,40483399,40483399,1669258940566,True,True
30196179,6.86000000,0.54000000,40483400,40483400,1669258940659,False,True
30196180,6.85000000,3.82000000,40483401,40483401,1669258941580,True,True
30196181,6.86000000,2.58000000,40483402,40483402,1669258951147,False,True
30196182,6.86000000,1.46000000,40483403,40483403,1669258951289,False,True
30196183,6.85000000,9.07000000,40483404,40483404,1669258966025,True,True
30196184,6.86000000,19.32000000,40483405,40483406,1669258967447,False,True
30196185,6.86000000,11.62000000,40483407,40483408,1669258973681,False,True
30196186,6.87000000,44.32000000,40483409,40483409,1669258973681,False,True
30196187,6.86000000,42.24000000,40483410,40483410,1669258973755,True,True
30196188,6.87000000,1.46000000,40483411,40483411,1669258980355,False,True
30196189,6.85000000,88.74000000,40483412,40483413,1669258983622,True,True
30196190,6.84000000,5.23000000,40483414,40483414,1669258983622,True,True
30196191,6.86000000,1.46000000,40483415,40483415,1669259002002,False,True
30196192,6.86000000,2.42000000,40483416,40483416,1669259016481,False,True
30196193,6.85000000,33.02000000,40483417,40483417,1669259049939,True,True
30196194,6.84000000,141.74000000,40483418,40483422,1669259049939,True,True
30196195,6.85000000,14.62000000,40483423,40483423,1669259050024,False,True
30196196,6.85000000,6.76000000,40483424,40483424,1669259050371,False,True
30196197,6.85000000,1.46000000,40483425,40483425,1669259079346,False,True
30196198,6.86000000,57.22000000,40483426,40483429,1669259079346,False,True
30196199,6.85000000,10.48000000,40483430,40483430,1669259100281,True,True
30196200,6.85000000,22.18000000,40483431,40483431,1669259109376,True,True
30196201,6.84000000,30.15000000,40483432,40483434,1669259114398,True,True
30196202,6.86000000,1.95000000,40483435,40483435,1669259146570,False,True
30196203,6.86000000,147.24000000,40483436,40483439,1669259164413,False,True
30196204,6.86000000,2.41000000,40483440,40483440,1669259223346,False,True
30196205,6.87000000,456.70000000,40483441,40483447,1669259223346,False,True
30196206,6.86000000,42.27000000,40483448,40483448,1669259223587,True,True
30196207,6.87000000,1.52000000,40483449,40483449,1669259285391,False,True
30196208,6.87000000,1.52000000,40483450,40483450,1669259286395,False,True
30196209,6.87000000,21.77000000,40483451,40483451,1669259389309,False,True
30196210,6.87000000,100.00000000,40483452,40483452,1669259443507,False,True
30196211,6.85000000,14.64000000,40483453,40483453,1669259467855,True,True
30196212,6.86000000,2.79000000,40483454,40483454,1669259487008,False,True
30196213,6.86000000,8.74000000,40483455,40483455,1669259543630,False,True
30196214,6.87000000,60.99000000,40483456,40483457,1669259595024,False,True
30196215,6.87000000,14.69000000,40483458,40483458,1669259637855,False,True
30196216,6.87000000,72.78000000,40483459,40483460,1669259683725,False,True
30196217,6.87000000,0.52000000,40483461,40483461,1669259821567,False,True
30196218,6.87000000,73.92000000,40483462,40483462,1669259876207,False,True
30196219,6.87000000,73.85000000,40483463,40483463,1669259916260,True,True
30196220,6.87000000,15.72000000,40483464,40483464,1669259925965,True,True
30196221,6.88000000,72.67000000,40483465,40483465,1669259939348,False,True
30196222,6.87000000,9.81000000,40483466,40483466,1669260121549,False,True
30196223,6.88000000,13.76000000,40483467,40483467,1669260421139,False,True
30196224,6.88000000,68.81000000,40483468,40483468,1669260449973,False,True
30196225,6.88000000,405.89000000,40483469,40483469,1669260539500,False,True
30196226,6.88000000,1635.82000000,40483470,40483475,1669260552520,False,True
30196227,6.89000000,43.54000000,40483476,40483476,1669260552527,False,True
30196228,6.89000000,61.29000000,40483477,40483478,1669260559957,True,True
30196229,6.89000000,14.58000000,40483479,40483479,1669260583539,True,True
30196230,6.89000000,16.20000000,40483480,40483480,1669260583544,True,True
30196231,6.89000000,0.30000000,40483481,40483481,1669260586537,True,True
30196232,6.88000000,14.30000000,40483482,40483482,1669260586537,True,True
30196233,6.89000000,41.67000000,40483483,40483484,1669260586694,False,True
30196234,6.89000000,98.84000000,40483485,40483485,1669260586705,False,True
30196235,6.89000000,3.63000000,40483486,40483486,1669260650205,False,True
30196236,6.89000000,0.51000000,40483487,40483487,1669260744033,True,True
30196237,6.89000000,69.41000000,40483488,40483490,1669260748699,False,True
30196238,6.89000000,3.51000000,40483491,40483491,1669260748711,True,True
30196239,6.90000000,29.76000000,40483492,40483492,1669260748726,False,True
30196240,6.89000000,3.39000000,40483493,40483493,1669260794844,True,True
30196241,6.90000000,115.82000000,40483494,40483494,1669260870916,False,True
30196242,6.90000000,180.50000000,40483495,40483495,1669260870926,False,True
30196243,6.90000000,72.78000000,40483496,40483496,1669260870938,False,True
30196244,6.90000000,95.29000000,40483497,40483497,1669260901096,False,True
30196245,6.89000000,6.84000000,40483498,40483498,1669260934222,True,True
30196246,6.90000000,12.55000000,40483499,40483499,1669261005965,False,True
30196247,6.90000000,72.12000000,40483500,40483500,1669261005990,False,True
30196248,6.90000000,17.10000000,40483501,40483501,1669261006027,False,True
30196249,6.90000000,8.83000000,40483502,40483502,1669261039824,False,True
30196250,6.90000000,2.17000000,40483503,40483503,1669261151168,False,True
30196251,6.89000000,92.89000000,40483504,40483504,1669261189480,True,True
30196252,6.90000000,115.52000000,40483505,40483508,1669261191203,False,True
30196253,6.90000000,2.46000000,40483509,40483509,1669261192402,True,True
30196254,6.90000000,244.46000000,40483510,40483510,1669261257721,True,True
30196255,6.91000000,17.08000000,40483511,40483514,1669261336797,False,True
30196256,6.91000000,15.82000000,40483515,40483515,1669261336821,False,True
30196257,6.92000000,50.36000000,40483516,40483517,1669261348731,False,True
30196258,6.92000000,2.29000000,40483518,40483518,1669261351691,True,True
30196259,6.92000000,2.44000000,40483519,40483519,1669261361813,True,True
30196260,6.94000000,3.99000000,40483520,40483521,1669261379573,False,True
30196261,6.94000000,0.47000000,40483522,40483522,1669261381268,False,True
30196262,6.92000000,7.28000000,40483523,40483523,1669261382430,True,True
30196263,6.92000000,1.74000000,40483524,40483524,1669261383426,True,True
30196264,6.92000000,4.68000000,40483525,40483525,1669261383432,True,True
30196265,6.92000000,1.94000000,40483526,40483526,1669261386915,True,True
30196266,6.92000000,1.58000000,40483527,40483527,1669261390325,True,True
30196267,6.92000000,2.66000000,40483528,40483528,1669261391032,True,True
30196268,6.93000000,20.65000000,40483529,40483532,1669261412375,False,True
30196269,6.92000000,2.78000000,40483533,40483533,1669261595065,True,True
30196270,6.93000000,5.44000000,40483534,40483534,1669261602775,False,True
30196271,6.93000000,1.58000000,40483535,40483535,1669261861364,True,True
30196272,6.93000000,1006.85000000,40483536,40483536,1669261869378,True,True
30196273,6.93000000,14.45000000,40483537,40483537,1669261938871,True,True
30196274,6.93000000,2.30000000,40483538,40483538,1669261959158,True,True
30196275,6.93000000,2.85000000,40483539,40483539,1669261968128,True,True
30196276,6.94000000,47.92000000,40483540,40483542,1669262038879,False,True
30196277,6.94000000,21.61000000,40483543,40483543,1669262041029,False,True
30196278,6.93000000,2.22000000,40483544,40483544,1669262042672,True,True
30196279,6.93000000,2.43000000,40483545,40483545,1669262144970,True,True
30196280,6.94000000,1.57000000,40483546,40483546,1669262156297,False,True
30196281,6.94000000,85.02000000,40483547,40483549,1669262287814,False,True
30196282,6.94000000,0.01000000,40483550,40483550,1669262287818,False,True
30196283,6.94000000,12.67000000,40483551,40483551,1669262315063,True,True
30196284,6.94000000,12.68000000,40483552,40483552,1669262348426,True,True
30196285,6.94000000,13.78000000,40483553,40483555,1669262348449,True,True
30196286,6.94000000,4.44000000,40483556,40483556,1669262348455,True,True
30196287,6.95000000,26.73000000,40483557,40483557,1669262375508,False,True
30196288,6.95000000,3.74000000,40483558,40483558,1669262387654,False,True
30196289,6.94000000,3.13000000,40483559,40483559,1669262388647,True,True
30196290,6.93000000,42.07000000,40483560,40483560,1669262388647,True,True
30196291,6.93000000,1758.94000000,40483561,40483565,1669262404383,True,True
30196292,6.93000000,17.03000000,40483566,40483566,1669262404392,False,True
30196293,6.92000000,47.67000000,40483567,40483569,1669262404397,True,True
30196294,6.92000000,12.03000000,40483570,40483570,1669262404397,True,True
30196295,6.92000000,61.28000000,40483571,40483572,1669262404398,True,True
30196296,6.91000000,33.00000000,40483573,40483575,1669262404416,True,True
30196297,6.92000000,27.34000000,40483576,40483576,1669262404418,False,True
30196298,6.91000000,32.26000000,40483577,40483577,1669262404421,True,True
30196299,6.91000000,396.00000000,40483578,40483579,1669262404490,True,True
30196300,6.91000000,18.15000000,40483580,40483580,1669262404507,True,True
30196301,6.91000000,74.51000000,40483581,40483582,1669262404513,True,True
30196302,6.91000000,18.15000000,40483583,40483583,1669262404517,True,True
30196303,6.91000000,6.66000000,40483584,40483584,1669262404524,True,True
30196304,6.91000000,0.45000000,40483585,40483585,1669262404537,True,True
30196305,6.90000000,4.77000000,40483586,40483587,1669262404614,True,True
30196306,6.90000000,13.38000000,40483588,40483588,1669262404713,True,True
30196307,6.89000000,2.90000000,40483589,40483589,1669262405414,True,True
30196308,6.89000000,1.52000000,40483590,40483590,1669262405419,True,True
30196309,6.89000000,2.18000000,40483591,40483591,1669262405420,True,True
30196310,6.89000000,1.53000000,40483592,40483592,1669262405437,True,True
30196311,6.89000000,2.67000000,40483593,40483593,1669262406430,True,True
30196312,6.90000000,28.98000000,40483594,40483596,1669262521555,False,True
30196313,6.89000000,28.98000000,40483597,40483598,1669262521625,True,True
30196314,6.90000000,1.83000000,40483599,40483599,1669262591939,False,True
30196315,6.90000000,22.73000000,40483600,40483600,1669262855924,False,True
30196316,6.90000000,42.82000000,40483601,40483602,1669262855934,False,True
30196317,6.90000000,33.36000000,40483603,40483604,1669262856945,False,True
30196318,6.91000000,112.02000000,40483605,40483610,1669262883048,False,True
30196319,6.92000000,1.51000000,40483611,40483611,1669262884137,False,True
30196320,6.92000000,12.89000000,40483612,40483612,1669262884433,False,True
30196321,6.93000000,43.29000000,40483613,40483613,1669262885633,True,True
30196322,6.92000000,67.19000000,40483614,40483616,1669262922768,True,True
30196323,6.91000000,399.30000000,40483617,40483620,1669262922768,True,True
30196324,6.90000000,200.76000000,40483621,40483626,1669262922768,True,True
30196325,6.91000000,14.39000000,40483627,40483627,1669262922799,True,True
30196326,6.90000000,33.88000000,40483628,40483628,1669262922832,False,True
30196327,6.90000000,14.44000000,40483629,40483629,1669262922842,False,True
30196328,6.91000000,18.28000000,40483630,40483630,1669262922846,False,True
30196329,6.90000000,14.44000000,40483631,40483631,1669262922849,False,True
30196330,6.91000000,0.51000000,40483632,40483632,1669262927055,False,True
30196331,6.90000000,4.07000000,40483633,40483633,1669262976193,True,True
30196332,6.91000000,12.09000000,40483634,40483634,1669263186199,False,True
30196333,6.90000000,13.98000000,40483635,40483635,1669263270918,True,True
30196334,6.90000000,5.82000000,40483636,40483636,1669263342407,True,True
30196335,6.90000000,57.78000000,40483637,40483640,1669263476195,True,True
30196336,6.91000000,2.27000000,40483641,40483641,1669263536391,False,True
30196337,6.89000000,3.81000000,40483642,40483642,1669263545485,True,True
30196338,6.89000000,61.81000000,40483643,40483653,1669263740337,True,True
30196339,6.88000000,33.38000000,40483654,40483656,1669263740337,True,True
30196340,6.90000000,2.20000000,40483657,40483657,1669263743477,False,True
30196341,6.90000000,2.64000000,40483658,40483658,1669263774947,False,True
30196342,6.88000000,19.94000000,40483659,40483660,1669263785732,True,True
30196343,6.88000000,2.49000000,40483661,40483661,1669263850739,True,True
30196344,6.88000000,5.09000000,40483662,40483662,1669263863166,True,True
30196345,6.88000000,52.45000000,40483663,40483665,1669263863174,True,True
30196346,6.87000000,14.68000000,40483666,40483669,1669264017008,True,True
30196347,6.87000000,8.99000000,40483670,40483670,1669264017108,True,True
30196348,6.87000000,19.70000000,40483671,40483672,1669264017712,True,True
30196349,6.87000000,19.70000000,40483673,40483674,1669264019759,True,True
30196350,6.87000000,4.81000000,40483675,40483675,1669264019811,True,True
30196351,6.87000000,31.23000000,40483676,40483682,1669264149066,True,True
30196352,6.86000000,38.04000000,40483683,40483684,1669264149066,True,True
30196353,6.86000000,27.58000000,40483685,40483685,1669264149114,False,True
30196354,6.85000000,40.27000000,40483686,40483688,1669264155445,False,True
30196355,6.86000000,18.52000000,40483689,40483690,1669264155445,False,True
30196356,6.84000000,11.07000000,40483691,40483692,1669264158872,True,True
30196357,6.86000000,2.41000000,40483693,40483693,1669264179827,False,True
30196358,6.86000000,2.91000000,40483694,40483695,1669264180088,False,True
30196359,6.86000000,59.03000000,40483696,40483698,1669264183098,False,True
30196360,6.85000000,4.86000000,40483699,40483699,1669264227256,True,True
30196361,6.86000000,29.15000000,40483700,40483700,1669264278327,False,True
30196362,6.86000000,2.42000000,40483701,40483701,1669264327565,False,True
30196363,6.85000000,14.82000000,40483702,40483702,1669264389267,True,True
30196364,6.85000000,14.61000000,40483703,40483704,1669264480368,True,True
30196365,6.84000000,116.93000000,40483705,40483710,1669264504191,True,True
30196366,6.85000000,10.24000000,40483711,40483711,1669264624870,False,True
30196367,6.85000000,2.39000000,40483712,40483712,1669264628609,False,True
30196368,6.85000000,143.86000000,40483713,40483716,1669264648674,False,True
30196369,6.86000000,150.47000000,40483717,40483723,1669264685640,False,True
30196370,6.86000000,41.72000000,40483724,40483724,1669264685650,True,True
30196371,6.86000000,31.57000000,40483725,40483725,1669264685662,True,True
30196372,6.87000000,38.42000000,40483726,40483728,1669264705681,False,True
30196373,6.88000000,34.68000000,40483729,40483731,1669264717963,False,True
30196374,6.87000000,3.51000000,40483732,40483732,1669264719561,True,True
30196375,6.87000000,16.03000000,40483733,40483733,1669264720309,True,True
30196376,6.87000000,5.37000000,40483734,40483734,1669264720328,True,True
30196377,6.87000000,49.88000000,40483735,40483737,1669264720608,True,True
30196378,6.87000000,0.44000000,40483738,40483738,1669264756305,False,True
30196379,6.87000000,7.27000000,40483739,40483740,1669264757677,False,True
30196380,6.87000000,41.64000000,40483741,40483742,1669264757683,False,True
30196381,6.87000000,7.31000000,40483743,40483743,1669264822971,True,True
30196382,6.86000000,14.59000000,40483744,40483745,1669264954044,True,True
30196383,6.87000000,34.01000000,40483746,40483747,1669264997238,False,True
30196384,6.87000000,7.29000000,40483748,40483748,1669265059436,False,True
30196385,6.87000000,6.12000000,40483749,40483749,1669265229440,False,True
30196386,6.87000000,6.91000000,40483750,40483752,1669265269174,False,True
30196387,6.87000000,26.25000000,40483753,40483753,1669265294306,True,True
30196388,6.87000000,12.80000000,40483754,40483754,1669265294346,True,True
30196389,6.87000000,99.33000000,40483755,40483755,1669265294368,True,True
30196390,6.86000000,14.60000000,40483756,40483756,1669265296449,True,True
30196391,6.86000000,4.14000000,40483757,40483757,1669265339657,True,True
30196392,6.88000000,0.41000000,40483758,40483758,1669265432771,False,True
30196393,6.86000000,2.37000000,40483759,40483759,1669265806590,True,True
30196394,6.86000000,51.88000000,40483760,40483762,1669265937419,True,True
30196395,6.86000000,11.63000000,40483763,40483763,1669265974870,True,True
30196396,6.86000000,17.11000000,40483764,40483765,1669266013075,True,True
30196397,6.86000000,12.17000000,40483766,40483766,1669266013076,True,True
30196398,6.85000000,14.59000000,40483767,40483768,1669266013079,True,True
30196399,6.87000000,1.85000000,40483769,40483769,1669266018275,False,True
30196400,6.86000000,21.45000000,40483770,40483770,1669266241337,False,True
30196401,6.86000000,9.09000000,40483771,40483771,1669266394602,False,True
30196402,6.85000000,72.45000000,40483772,40483774,1669266408082,True,True
30196403,6.86000000,7.28000000,40483775,40483775,1669266496023,False,True
30196404,6.86000000,72.88000000,40483776,40483776,1669266586122,False,True
30196405,6.86000000,13.55000000,40483777,40483777,1669266602766,False,True
30196406,6.85000000,14.61000000,40483778,40483778,1669266644366,True,True
30196407,6.85000000,51.78000000,40483779,40483780,1669266644366,True,True
30196408,6.84000000,7.90000000,40483781,40483781,1669266644366,True,True
30196409,6.84000000,4.77000000,40483782,40483782,1669266644412,True,True
30196410,6.85000000,16.82000000,40483783,40483784,1669266670608,False,True
30196411,6.85000000,17.09000000,40483785,40483785,1669266670615,False,True
30196412,6.86000000,1.59000000,40483786,40483786,1669266711287,False,True
30196413,6.86000000,1.53000000,40483787,40483787,1669266711566,False,True
30196414,6.84000000,1.59000000,40483788,40483788,1669266731695,True,True
30196415,6.86000000,29.15000000,40483789,40483789,1669266741697,False,True
30196416,6.86000000,64.75000000,40483790,40483792,1669266819871,False,True
30196417,6.87000000,33.00000000,40483793,40483795,1669266819884,False,True
30196418,6.87000000,121.45000000,40483796,40483798,1669266819892,False,True
30196419,6.87000000,105.56000000,40483799,40483801,1669266841446,True,True
30196420,6.87000000,29.11000000,40483802,40483802,1669266841545,False,True
30196421,6.88000000,4.36000000,40483803,40483803,1669266841898,False,True
30196422,6.87000000,105.56000000,40483804,40483807,1669267067808,False,True
30196423,6.87000000,5.66000000,40483808,40483808,1669267067821,False,True
30196424,6.88000000,53.03000000,40483809,40483812,1669267077255,False,True
30196425,6.88000000,3.51000000,40483813,40483813,1669267077289,True,True
30196426,6.89000000,2.37000000,40483814,40483814,1669267077966,False,True
30196427,6.88000000,51.21000000,40483815,40483817,1669267082346,True,True
30196428,6.88000000,10.36000000,40483818,40483819,1669267088028,True,True
30196429,6.88000000,18.70000000,40483820,40483821,1669267088057,True,True
30196430,6.87000000,18.70000000,40483822,40483823,1669267088064,True,True
30196431,6.88000000,43.61000000,40483824,40483825,1669267096413,False,True
30196432,6.89000000,62.30000000,40483826,40483827,1669267096420,False,True
30196433,6.89000000,1.80000000,40483828,40483828,1669267096469,False,True
30196434,6.88000000,2.36000000,40483829,40483829,1669267108095,True,True
30196435,6.88000000,2.33000000,40483830,40483830,1669267140826,True,True
30196436,6.88000000,26.74000000,40483831,40483831,1669267259407,True,True
30196437,6.90000000,53.85000000,40483832,40483833,1669267270137,False,True
30196438,6.90000000,2.17000000,40483834,40483834,1669267271070,False,True
30196439,6.90000000,14.49000000,40483835,40483835,1669267298375,False,True
30196440,6.88000000,2.87000000,40483836,40483836,1669267330375,True,True
30196441,6.88000000,2.41000000,40483837,40483837,1669267341522,True,True
30196442,6.88000000,2.19000000,40483838,40483838,1669267575273,True,True
30196443,6.89000000,4.21000000,40483839,40483839,1669267625141,True,True
30196444,6.90000000,6.66000000,40483840,40483840,1669267653876,False,True
30196445,6.89000000,2.38000000,40483841,40483841,1669267723623,True,True
30196446,6.89000000,14.53000000,40483842,40483843,1669267739053,True,True
30196447,6.89000000,2.38000000,40483844,40483844,1669267812589,True,True
30196448,6.88000000,12.17000000,40483845,40483845,1669267812589,True,True
30196449,6.89000000,5.02000000,40483846,40483847,1669267845197,False,True
30196450,6.89000000,7.72000000,40483848,40483848,1669267845208,False,True
30196451,6.90000000,616.03000000,40483849,40483852,1669267992752,False,True
30196452,6.90000000,17.11000000,40483853,40483853,1669267992763,True,True
30196453,6.91000000,7.53000000,40483854,40483855,1669267992871,False,True
30196454,6.91000000,2.20000000,40483856,40483856,1669268003709,False,True
30196455,6.90000000,11.72000000,40483857,40483857,1669268031654,True,True
30196456,6.90000000,103.28000000,40483858,40483862,1669268065250,False,True
30196457,6.91000000,18.70000000,40483863,40483864,1669268065270,False,True
30196458,6.91000000,54.90000000,40483865,40483866,1669268069239,True,True
30196459,6.91000000,66.58000000,40483867,40483868,1669268073134,True,True
30196460,6.90000000,33.80000000,40483869,40483869,1669268073134,True,True
30196461,6.91000000,5.83000000,40483870,40483870,1669268177698,True,True
30196462,6.91000000,8.64000000,40483871,40483871,1669268178881,True,True
30196463,6.90000000,5.83000000,40483872,40483872,1669268178881,True,True
30196464,6.91000000,14.41000000,40483873,40483873,1669268197750,True,True
30196465,6.90000000,104.36000000,40483874,40483874,1669268197750,True,True
30196466,6.91000000,15.91000000,40483875,40483876,1669268204716,False,True
30196467,6.92000000,12.98000000,40483877,40483878,1669268226061,False,True
30196468,6.91000000,29.55000000,40483879,40483879,1669268276864,True,True
30196469,6.90000000,2.40000000,40483880,40483880,1669268279406,True,True
30196470,6.91000000,4.83000000,40483881,40483882,1669268285323,False,True
30196471,6.91000000,0.84000000,40483883,40483883,1669268285341,False,True
30196472,6.92000000,33.54000000,40483884,40483885,1669268383001,False,True
30196473,6.93000000,84.65000000,40483886,40483890,1669268406983,False,True
30196474,6.93000000,1.92000000,40483891,40483891,1669268406994,True,True
30196475,6.93000000,1.81000000,40483892,40483892,1669268407067,True,True
30196476,6.93000000,3.46000000,40483893,40483893,1669268407131,True,True
30196477,6.93000000,3.46000000,40483894,40483894,1669268407152,True,True
30196478,6.93000000,1.80000000,40483895,40483895,1669268407156,True,True
30196479,6.93000000,3.46000000,40483896,40483896,1669268407231,True,True
30196480,6.93000000,3.46000000,40483897,40483897,1669268407254,True,True
30196481,6.93000000,3.45000000,40483898,40483898,1669268407296,True,True
30196482,6.93000000,3.45000000,40483899,40483899,1669268407310,True,True
30196483,6.93000000,1.58000000,40483900,40483900,1669268434033,True,True
30196484,6.93000000,25.42000000,40483901,40483903,1669268441139,False,True
30196485,6.94000000,195.94000000,40483904,40483920,1669268456423,False,True
30196486,6.94000000,1.66000000,40483921,40483921,1669268456432,True,True
30196487,6.94000000,2.95000000,40483922,40483922,1669268456470,True,True
30196488,6.94000000,3.46000000,40483923,40483923,1669268456491,True,True
30196489,6.94000000,1.84000000,40483924,40483924,1669268460825,True,True
30196490,6.94000000,37.62000000,40483925,40483925,1669268466929,True,True
30196491,6.94000000,1.99000000,40483926,40483926,1669268471551,True,True
30196492,6.94000000,2.86000000,40483927,40483927,1669268478258,True,True
30196493,6.94000000,45.13000000,40483928,40483928,1669268478344,True,True
30196494,6.95000000,93.99000000,40483929,40483930,1669268490232,False,True
30196495,6.95000000,2.80000000,40483931,40483931,1669268490249,True,True
30196496,6.95000000,2.80000000,40483932,40483932,1669268490315,True,True
30196497,6.95000000,51.58000000,40483933,40483933,1669268490327,True,True
30196498,6.94000000,2.80000000,40483934,40483934,1669268490327,True,True
30196499,6.96000000,0.41000000,40483935,40483935,1669268490328,False,True
30196500,6.94000000,2.02000000,40483936,40483936,1669268494608,True,True
30196501,6.94000000,4.42000000,40483937,40483937,1669268495456,True,True
30196502,6.94000000,2.90000000,40483938,40483938,1669268495464,True,True
30196503,6.94000000,1.69000000,40483939,40483939,1669268496249,True,True
30196504,6.95000000,1.44000000,40483940,40483940,1669268496431,False,True
30196505,6.96000000,0.07000000,40483941,40483941,1669268496431,False,True
30196506,6.94000000,1.73000000,40483942,40483943,1669268497441,True,True
30196507,6.94000000,2.39000000,40483944,40483944,1669268516144,True,True
30196508,6.95000000,15.16000000,40483945,40483947,1669268568925,False,True
30196509,6.94000000,2.86000000,40483948,40483948,1669268579184,True,True
30196510,6.95000000,8.97000000,40483949,40483950,1669268610624,False,True
30196511,6.95000000,8.97000000,40483951,40483952,1669268610626,False,True
30196512,6.94000000,145.15000000,40483953,40483953,1669268635907,True,True
30196513,6.95000000,3.07000000,40483954,40483954,1669268635917,False,True
30196514,6.95000000,6.02000000,40483955,40483955,1669268635929,False,True
30196515,6.95000000,6.02000000,40483956,40483956,1669268636462,False,True
30196516,6.95000000,6.02000000,40483957,40483957,1669268636543,False,True
30196517,6.95000000,6.02000000,40483958,40483958,1669268636649,False,True
30196518,6.95000000,6.02000000,40483959,40483959,1669268636845,False,True
30196519,6.95000000,5.96000000,40483960,40483960,1669268636941,False,True
30196520,6.95000000,123.38000000,40483961,40483963,1669268658555,True,True
30196521,6.94000000,70.92000000,40483964,40483967,1669268658566,True,True
30196522,6.94000000,14.40000000,40483968,40483968,1669268659658,False,True
30196523,6.95000000,91.31000000,40483969,40483972,1669268660227,False,True
30196524,6.96000000,100.06000000,40483973,40483976,1669268660237,False,True
30196525,6.96000000,2.01000000,40483977,40483977,1669268660259,True,True
30196526,6.96000000,43.70000000,40483978,40483978,1669268660366,True,True
30196527,6.96000000,43.70000000,40483979,40483979,1669268666265,True,True
30196528,6.95000000,1.77000000,40483980,40483980,1669268668796,True,True
30196529,6.95000000,1.50000000,40483981,40483981,1669268693433,True,True
30196530,6.97000000,54.75000000,40483982,40483988,1669268743973,False,True
30196531,6.97000000,14.35000000,40483989,40483989,1669268744631,False,True
30196532,6.97000000,51.37000000,40483990,40483990,1669268748725,False,True
30196533,6.95000000,4.35000000,40483991,40483991,1669268749944,True,True
30196534,6.95000000,2.14000000,40483992,40483992,1669268750670,True,True
30196535,6.95000000,2.54000000,40483993,40483993,1669268750674,True,True
30196536,6.95000000,2.16000000,40483994,40483994,1669268750682,True,True
30196537,6.95000000,11.62000000,40483995,40483995,1669268750691,True,True
30196538,6.95000000,2.90000000,40483996,40483996,1669268750694,True,True
30196539,6.95000000,1.52000000,40483997,40483997,1669268750700,True,True
30196540,6.95000000,1.53000000,40483998,40483998,1669268750706,True,True
30196541,6.97000000,2.86000000,40483999,40483999,1669268751697,False,True
30196542,6.95000000,1.96000000,40484000,40484000,1669268760031,True,True
30196543,6.95000000,1.53000000,40484001,40484001,1669268760702,True,True
30196544,6.95000000,58.97000000,40484002,40484002,1669268761715,True,True
30196545,6.95000000,8.68000000,40484003,40484003,1669268767433,True,True
30196546,6.95000000,100.61000000,40484004,40484004,1669268799013,True,True
30196547,6.96000000,6.02000000,40484005,40484005,1669268799714,False,True
30196548,6.96000000,3.16000000,40484006,40484006,1669268799732,False,True
30196549,6.96000000,21.06000000,40484007,40484007,1669268831187,False,True
30196550,6.95000000,9.99000000,40484008,40484008,1669268835417,True,True
30196551,6.96000000,14.36000000,40484009,40484009,1669268845957,False,True
30196552,6.96000000,10.55000000,40484010,40484010,1669268866756,False,True
30196553,6.95000000,135.71000000,40484011,40484011,1669268913695,True,True
30196554,6.95000000,168.74000000,40484012,40484012,1669268913703,True,True
30196555,6.95000000,27.16000000,40484013,40484013,1669268920156,True,True
30196556,6.95000000,24.10000000,40484014,40484014,1669268994799,True,True
30196557,6.95000000,1.58000000,40484015,40484015,1669269013517,True,True
30196558,6.95000000,145.91000000,40484016,40484016,1669269032141,True,True
30196559,6.95000000,73.30000000,40484017,40484017,1669269032148,True,True
30196560,6.95000000,205.95000000,40484018,40484018,1669269032252,True,True
30196561,6.95000000,14.68000000,40484019,40484019,1669269032254,True,True
30196562,6.95000000,37.76000000,40484020,40484020,1669269032259,True,True
30196563,6.95000000,46.69000000,40484021,40484021,1669269032262,True,True
30196564,6.95000000,7.70000000,40484022,40484022,1669269032266,True,True
30196565,6.95000000,66.00000000,40484023,40484023,1669269032300,True,True
30196566,6.95000000,64.19000000,40484024,40484024,1669269033460,True,True
30196567,6.95000000,3.15000000,40484025,40484025,1669269033728,True,True
30196568,6.95000000,7.20000000,40484026,40484026,1669269033767,True,True
30196569,6.95000000,3.15000000,40484027,40484027,1669269033767,True,True
30196570,6.95000000,14.41000000,40484028,40484028,1669269033768,True,True
30196571,6.95000000,486.47000000,40484029,40484032,1669269039331,True,True
30196572,6.93000000,3.65000000,40484033,40484033,1669269039458,True,True
30196573,6.91000000,3.48000000,40484034,40484034,1669269044108,False,True
30196574,6.90000000,4.38000000,40484035,40484036,1669269044985,True,True
30196575,6.91000000,752.33000000,40484037,40484040,1669269055253,False,True
30196576,6.92000000,42.27000000,40484041,40484041,1669269055368,False,True
30196577,6.93000000,6.46000000,40484042,40484042,1669269080248,False,True
30196578,6.93000000,2.88000000,40484043,40484043,1669269080972,False,True
30196579,6.93000000,2.88000000,40484044,40484045,1669269081017,False,True
30196580,6.93000000,2.16000000,40484046,40484046,1669269081041,False,True
30196581,6.92000000,74.30000000,40484047,40484050,1669269189286,True,True
30196582,6.91000000,76.28000000,40484051,40484053,1669269189286,True,True
30196583,6.90000000,92.55000000,40484054,40484057,1669269189286,True,True
30196584,6.91000000,90.35000000,40484058,40484060,1669269237755,True,True
30196585,6.91000000,29.17000000,40484061,40484061,1669269278799,True,True
30196586,6.90000000,22.51000000,40484062,40484062,1669269278799,True,True
30196587,6.92000000,5.78000000,40484063,40484063,1669269279234,False,True
30196588,6.90000000,47.99000000,40484064,40484065,1669269279801,True,True
30196589,6.90000000,51.33000000,40484066,40484066,1669269395393,True,True
30196590,6.90000000,26.13000000,40484067,40484067,1669269411601,True,True
30196591,6.93000000,69.59000000,40484068,40484070,1669269507830,False,True
30196592,6.94000000,1.51000000,40484071,40484071,1669269508676,False,True
30196593,6.93000000,58.11000000,40484072,40484072,1669269513278,True,True
30196594,6.94000000,14.40000000,40484073,40484074,1669269514393,False,True
30196595,6.94000000,133.97000000,40484075,40484078,1669269519238,False,True
30196596,6.95000000,389.40000000,40484079,40484084,1669269519238,False,True
30196597,6.95000000,1.51000000,40484085,40484085,1669269519261,True,True
30196598,6.96000000,14.41000000,40484086,40484086,1669269519271,False,True
30196599,6.96000000,6.09000000,40484087,40484087,1669269529198,False,True
30196600,6.96000000,331.50000000,40484088,40484089,1669269537012,False,True
30196601,6.95000000,2.25000000,40484090,40484090,1669269538765,True,True
30196602,6.96000000,247.20000000,40484091,40484091,1669269542524,False,True
30196603,6.96000000,148.69000000,40484092,40484092,1669269542533,False,True
30196604,6.96000000,59.82000000,40484093,40484093,1669269568899,False,True
30196605,6.96000000,18.38000000,40484094,40484094,1669269577405,True,True
30196606,6.97000000,19.68000000,40484095,40484097,1669269587471,False,True
30196607,6.98000000,80.59000000,40484098,40484104,1669269587471,False,True
30196608,6.99000000,270.53000000,40484105,40484109,1669269587471,False,True
30196609,6.97000000,9.02000000,40484110,40484110,1669269587532,False,True
30196610,6.97000000,2.28000000,40484111,40484111,1669269587567,True,True
30196611,6.97000000,7.27000000,40484112,40484112,1669269587716,True,True
30196612,6.97000000,70.00000000,40484113,40484113,1669269587851,True,True
30196613,6.97000000,62.26000000,40484114,40484115,1669269588134,True,True
30196614,6.96000000,2.22000000,40484116,40484116,1669269592059,True,True
30196615,6.98000000,169.60000000,40484117,40484119,1669269610683,False,True
30196616,6.98000000,119.94000000,40484120,40484120,1669269610691,True,True
30196617,6.97000000,29.83000000,40484121,40484121,1669269610694,True,True
30196618,6.97000000,4.35000000,40484122,40484122,1669269611481,True,True
30196619,6.97000000,4.35000000,40484123,40484123,1669269611512,True,True
30196620,6.97000000,1.52000000,40484124,40484124,1669269611517,True,True
30196621,6.97000000,4.53000000,40484125,40484125,1669269611742,True,True
30196622,6.98000000,1.50000000,40484126,40484126,1669269612483,False,True
30196623,6.97000000,1.52000000,40484127,40484127,1669269612487,True,True
30196624,6.97000000,76.63000000,40484128,40484128,1669269615309,True,True
30196625,6.98000000,29.83000000,40484129,40484129,1669269620782,False,True
30196626,6.99000000,187.32000000,40484130,40484130,1669269620782,False,True
30196627,6.98000000,28.43000000,40484131,40484131,1669269620800,True,True
30196628,6.98000000,0.22000000,40484132,40484132,1669269620803,True,True
30196629,6.97000000,2.06000000,40484133,40484133,1669269624759,True,True
30196630,6.97000000,4.36000000,40484134,40484134,1669269625520,True,True
30196631,6.98000000,16.70000000,40484135,40484135,1669269626036,False,True
30196632,6.99000000,308.43000000,40484136,40484139,1669269626036,False,True
30196633,6.98000000,2.17000000,40484140,40484140,1669269626287,True,True
30196634,6.98000000,2.63000000,40484141,40484141,1669269627626,True,True
30196635,6.98000000,9.17000000,40484142,40484142,1669269635814,True,True
30196636,6.99000000,64.51000000,40484143,40484144,1669269635965,False,True
30196637,7.00000000,260.19000000,40484145,40484153,1669269635965,False,True
30196638,6.99000000,4.59000000,40484154,40484154,1669269635986,True,True
30196639,6.99000000,4.35000000,40484155,40484155,1669269636800,True,True
30196640,6.99000000,32.74000000,40484156,40484156,1669269636839,True,True
30196641,6.99000000,4.35000000,40484157,40484157,1669269637326,True,True
30196642,6.98000000,16.92000000,40484158,40484158,1669269643132,True,True
30196643,6.98000000,16.90000000,40484159,40484161,1669269643151,True,True
30196644,6.98000000,16.92000000,40484162,40484162,1669269643166,True,True
30196645,6.98000000,16.90000000,40484163,40484163,1669269643202,True,True
30196646,6.98000000,16.92000000,40484164,40484165,1669269643215,True,True
30196647,6.98000000,16.90000000,40484166,40484166,1669269643235,True,True
30196648,6.98000000,3.35000000,40484167,40484168,1669269643256,True,True
30196649,6.97000000,3.35000000,40484169,40484169,1669269643281,True,True
30196650,6.97000000,1.53000000,40484170,40484170,1669269643523,True,True
30196651,6.97000000,29.51000000,40484171,40484172,1669269643524,True,True
30196652,6.98000000,2.15000000,40484173,40484173,1669269643549,False,True
30196653,6.97000000,21.79000000,40484174,40484175,1669269643549,True,True
30196654,6.97000000,1.51000000,40484176,40484176,1669269643553,True,True
30196655,6.98000000,1.50000000,40484177,40484177,1669269644533,False,True
30196656,6.97000000,2.17000000,40484178,40484178,1669269645535,True,True
30196657,6.97000000,14.49000000,40484179,40484180,1669269645539,True,True
30196658,6.97000000,1.52000000,40484181,40484181,1669269645552,True,True
30196659,6.97000000,1.52000000,40484182,40484182,1669269645553,True,True
30196660,6.97000000,2.19000000,40484183,40484183,1669269645559,True,True
30196661,6.97000000,2.16000000,40484184,40484184,1669269645568,True,True
30196662,6.98000000,2.86000000,40484185,40484185,1669269646553,False,True
30196663,6.97000000,2.12000000,40484186,40484186,1669269648646,True,True
30196664,6.98000000,15.29000000,40484187,40484188,1669269649340,False,True
30196665,6.99000000,101.20000000,40484189,40484190,1669269649340,False,True
30196666,7.00000000,327.45000000,40484191,40484192,1669269649340,False,True
30196667,7.01000000,127.49000000,40484193,40484197,1669269649340,False,True
30196668,6.98000000,14.28000000,40484198,40484198,1669269649359,True,True
30196669,6.98000000,57.13000000,40484199,40484200,1669269662168,True,True
30196670,6.98000000,1.50000000,40484201,40484201,1669269662543,False,True
30196671,6.97000000,5.46000000,40484202,40484202,1669269672418,True,True
30196672,6.97000000,12.49000000,40484203,40484204,1669269672451,True,True
30196673,6.96000000,1.52000000,40484205,40484205,1669269673556,True,True
30196674,6.96000000,2.88000000,40484206,40484206,1669269673557,True,True
30196675,6.96000000,10.56000000,40484207,40484207,1669269673561,True,True
30196676,6.96000000,4.35000000,40484208,40484208,1669269673567,True,True
30196677,6.96000000,2.15000000,40484209,40484209,1669269673571,True,True
30196678,6.96000000,3.63000000,40484210,40484210,1669269673590,True,True
30196679,6.96000000,5.00000000,40484211,40484211,1669269706841,True,True
30196680,6.96000000,2.92000000,40484212,40484212,1669269747183,True,True
30196681,6.97000000,1.78000000,40484213,40484213,1669269798480,True,True
30196682,6.97000000,7.89000000,40484214,40484214,1669269800430,True,True
30196683,6.96000000,140.37000000,40484215,40484215,1669269829358,True,True
30196684,6.96000000,41.62000000,40484216,40484218,1669269829372,True,True
30196685,6.95000000,14.20000000,40484219,40484219,1669269829759,True,True
30196686,6.93000000,3.65000000,40484220,40484220,1669269851312,True,True
30196687,6.92000000,2.38000000,40484221,40484221,1669269851386,False,True
30196688,6.91000000,7.22000000,40484222,40484222,1669269852722,False,True
30196689,6.92000000,38.36000000,40484223,40484225,1669269856465,False,True
30196690,6.92000000,1.51000000,40484226,40484226,1669269856744,False,True
30196691,6.95000000,2.88000000,40484227,40484227,1669269961688,False,True
30196692,6.95000000,2.15000000,40484228,40484228,1669269962822,False,True
30196693,6.95000000,2.87000000,40484229,40484229,1669269962824,False,True
30196694,6.95000000,2.87000000,40484230,40484230,1669269962825,False,True
30196695,6.95000000,3.62000000,40484231,40484231,1669269962826,False,True
30196696,6.95000000,2.87000000,40484232,40484233,1669269962848,False,True
30196697,6.93000000,28.90000000,40484234,40484234,1669270010511,True,True
30196698,6.92000000,42.26000000,40484235,40484236,1669270018802,True,True
30196699,6.92000000,12.10000000,40484237,40484237,1669270029813,True,True
30196700,6.92000000,101.74000000,40484238,40484241,1669270062648,True,True
30196701,6.92000000,53.87000000,40484242,40484243,1669270150814,True,True
30196702,6.94000000,2.20000000,40484244,40484244,1669270188457,False,True
30196703,6.92000000,154.03000000,40484245,40484247,1669270239089,True,True
30196704,6.92000000,4.72000000,40484248,40484248,1669270242082,True,True
30196705,6.92000000,40.77000000,40484249,40484251,1669270270269,True,True
30196706,6.91000000,168.31000000,40484252,40484256,1669270307135,True,True
30196707,6.90000000,106.80000000,40484257,40484260,1669270307135,True,True
30196708,6.89000000,47.22000000,40484261,40484263,1669270307135,True,True
30196709,6.90000000,73.29000000,40484264,40484264,1669270308029,False,True
30196710,6.90000000,7.27000000,40484265,40484265,1669270308036,False,True
30196711,6.91000000,2.04000000,40484266,40484266,1669270309963,False,True
30196712,6.89000000,1.52000000,40484267,40484267,1669270311161,True,True
30196713,6.91000000,1.51000000,40484268,40484268,1669270311181,False,True
30196714,6.89000000,8.73000000,40484269,40484269,1669270311201,True,True
30196715,6.91000000,1.96000000,40484270,40484270,1669270323049,False,True
30196716,6.91000000,1.51000000,40484271,40484271,1669270324168,False,True
30196717,6.91000000,1.51000000,40484272,40484272,1669270324170,False,True
30196718,6.91000000,11.57000000,40484273,40484273,1669270324202,False,True
30196719,6.91000000,2.89000000,40484274,40484274,1669270324203,False,True
30196720,6.91000000,1.51000000,40484275,40484275,1669270325166,False,True
30196721,6.91000000,17.03000000,40484276,40484277,1669270343711,False,True
30196722,6.91000000,2.05000000,40484278,40484278,1669270343740,False,True
30196723,6.90000000,2.51000000,40484279,40484279,1669270544869,True,True
30196724,6.89000000,23.07000000,40484280,40484281,1669270544869,True,True
30196725,6.88000000,79.35000000,40484282,40484287,1669270544869,True,True
30196726,6.87000000,50.28000000,40484288,40484291,1669270544869,True,True
30196727,6.88000000,22.40000000,40484292,40484292,1669270545321,False,True
30196728,6.89000000,21.14000000,40484293,40484293,1669270545321,False,True
30196729,6.89000000,2.11000000,40484294,40484294,1669270555234,False,True
30196730,6.88000000,2.72000000,40484295,40484296,1669270687449,True,True
30196731,6.89000000,23.22000000,40484297,40484299,1669270688521,False,True
30196732,6.89000000,4.35000000,40484300,40484300,1669270688547,False,True
30196733,6.89000000,2.90000000,40484301,40484301,1669270689530,False,True
30196734,6.89000000,2.18000000,40484302,40484303,1669270699417,False,True
30196735,6.89000000,2.40000000,40484304,40484304,1669270740773,False,True
30196736,6.88000000,64.54000000,40484305,40484308,1669270751534,True,True
30196737,6.87000000,3.23000000,40484309,40484309,1669270751534,True,True
30196738,6.88000000,29.06000000,40484310,40484310,1669270751608,False,True
30196739,6.87000000,14.01000000,40484311,40484311,1669270756053,True,True
30196740,6.87000000,111.28000000,40484312,40484313,1669270759854,True,True
30196741,6.88000000,2.38000000,40484314,40484314,1669270808434,False,True
30196742,6.88000000,2.36000000,40484315,40484315,1669270811056,False,True
30196743,6.88000000,1.75000000,40484316,40484316,1669270857423,False,True
30196744,6.86000000,13.87000000,40484317,40484318,1669270895830,True,True
30196745,6.88000000,1.99000000,40484319,40484319,1669270899828,False,True
30196746,6.88000000,23.25000000,40484320,40484321,1669270900742,False,True
30196747,6.88000000,4.36000000,40484322,40484322,1669270900772,False,True
30196748,6.88000000,1.74000000,40484323,40484323,1669270900776,False,True
30196749,6.86000000,10.51000000,40484324,40484325,1669270936437,True,True
30196750,6.86000000,77.78000000,40484326,40484329,1669270947701,True,True
30196751,6.87000000,2.38000000,40484330,40484330,1669270956220,False,True
30196752,6.86000000,31.55000000,40484331,40484333,1669270997342,True,True
30196753,6.86000000,59.59000000,40484334,40484345,1669271017065,True,True
30196754,6.85000000,219.08000000,40484346,40484348,1669271017065,True,True
30196755,6.84000000,277.15000000,40484349,40484356,1669271017065,True,True
30196756,6.83000000,178.77000000,40484357,40484362,1669271017065,True,True
30196757,6.85000000,33.00000000,40484363,40484363,1669271017147,True,True
30196758,6.85000000,28.37000000,40484364,40484366,1669271017351,False,True
30196759,6.86000000,22.46000000,40484367,40484367,1669271017389,False,True
30196760,6.85000000,3.16000000,40484368,40484368,1669271017640,False,True
30196761,6.85000000,2.86000000,40484369,40484369,1669271017643,False,True
30196762,6.85000000,37.77000000,40484370,40484370,1669271017649,False,True
30196763,6.86000000,43.68000000,40484371,40484372,1669271021378,False,True
30196764,6.87000000,0.11000000,40484373,40484373,1669271021378,False,True
30196765,6.87000000,1.68000000,40484374,40484374,1669271024238,False,True
30196766,6.87000000,4.36000000,40484375,40484375,1669271024859,False,True
30196767,6.87000000,4.36000000,40484376,40484377,1669271024867,False,True
30196768,6.87000000,2.91000000,40484378,40484378,1669271024867,False,True
30196769,6.87000000,2.54000000,40484379,40484379,1669271024870,False,True
30196770,6.87000000,1.52000000,40484380,40484380,1669271024872,False,True
30196771,6.87000000,2.91000000,40484381,40484381,1669271024873,False,True
30196772,6.87000000,34.93000000,40484382,40484383,1669271024873,False,True
30196773,6.87000000,2.15000000,40484384,40484385,1669271024875,False,True
30196774,6.87000000,1.52000000,40484386,40484386,1669271024884,False,True
30196775,6.86000000,67.87000000,40484387,40484389,1669271138770,True,True
30196776,6.85000000,79.34000000,40484390,40484393,1669271138770,True,True
30196777,6.86000000,37.73000000,40484394,40484394,1669271147215,True,True
30196778,6.85000000,4.86000000,40484395,40484395,1669271168373,True,True
30196779,6.87000000,2.00000000,40484396,40484396,1669271199076,False,True
30196780,6.87000000,1.60000000,40484397,40484397,1669271212647,False,True
30196781,6.86000000,8.54000000,40484398,40484398,1669271221269,False,True
30196782,6.85000000,2.39000000,40484399,40484399,1669271268577,True,True
30196783,6.87000000,25.47000000,40484400,40484401,1669271325549,False,True
30196784,6.87000000,2.59000000,40484402,40484402,1669271419231,False,True
30196785,6.86000000,9.35000000,40484403,40484405,1669271431823,True,True
30196786,6.85000000,16.09000000,40484406,40484407,1669271431823,True,True
30196787,6.85000000,14.61000000,40484408,40484408,1669271463865,True,True
30196788,6.85000000,17.23000000,40484409,40484409,1669271463878,True,True
30196789,6.87000000,20.37000000,40484410,40484411,1669271478102,False,True
30196790,6.87000000,20.11000000,40484412,40484413,1669271498804,False,True
30196791,6.86000000,11.89000000,40484414,40484414,1669271498830,True,True
30196792,6.85000000,3.64000000,40484415,40484415,1669271498830,True,True
30196793,6.86000000,3.41000000,40484416,40484416,1669271499245,True,True
30196794,6.87000000,18.92000000,40484417,40484417,1669271500387,False,True
30196795,6.85000000,93.55000000,40484418,40484420,1669271558241,True,True
30196796,6.84000000,59.43000000,40484421,40484422,1669271558241,True,True
30196797,6.86000000,7.11000000,40484423,40484423,1669271559369,False,True
30196798,6.86000000,12.16000000,40484424,40484424,1669271559571,False,True
30196799,6.86000000,2.83000000,40484425,40484426,1669271560323,False,True
30196800,6.86000000,17.20000000,40484427,40484427,1669271561531,False,True
30196801,6.86000000,39.93000000,40484428,40484430,1669271561542,False,True
30196802,6.87000000,4.36000000,40484431,40484431,1669271562385,False,True
30196803,6.87000000,46.57000000,40484432,40484433,1669271562388,False,True
30196804,6.87000000,45.28000000,40484434,40484435,1669271562516,False,True
30196805,6.86000000,3.16000000,40484436,40484436,1669271580135,True,True
30196806,6.85000000,15.89000000,40484437,40484437,1669271580232,True,True
30196807,6.85000000,3.51000000,40484438,40484438,1669271580278,False,True
30196808,6.85000000,2.03000000,40484439,40484439,1669271609694,False,True
30196809,6.85000000,3.85000000,40484440,40484440,1669271609719,False,True
30196810,6.84000000,7.34000000,40484441,40484441,1669271642280,True,True
30196811,6.86000000,1.97000000,40484442,40484442,1669271655459,False,True
30196812,6.86000000,2.31000000,40484443,40484443,1669271657068,False,True
30196813,6.84000000,30.10000000,40484444,40484446,1669271794330,True,True
30196814,6.86000000,1.82000000,40484447,40484447,1669271799760,False,True
30196815,6.84000000,3.00000000,40484448,40484448,1669271803090,True,True
30196816,6.86000000,2.83000000,40484449,40484449,1669271803679,False,True
30196817,6.86000000,51.03000000,40484450,40484452,1669271998938,False,True
30196818,6.86000000,21.25000000,40484453,40484453,1669271999047,True,True
30196819,6.85000000,19.12000000,40484454,40484454,1669272025010,True,True
30196820,6.85000000,2.36000000,40484455,40484455,1669272025800,True,True
30196821,6.85000000,17.17000000,40484456,40484456,1669272026249,True,True
30196822,6.86000000,15.00000000,40484457,40484458,1669272028811,False,True
30196823,6.85000000,2.36000000,40484459,40484459,1669272056246,True,True
30196824,6.84000000,26.87000000,40484460,40484460,1669272056246,True,True
30196825,6.85000000,1.94000000,40484461,40484461,1669272091958,False,True
30196826,6.85000000,6.92000000,40484462,40484462,1669272121023,False,True
30196827,6.85000000,52.76000000,40484463,40484465,1669272128501,False,True
30196828,6.86000000,93.15000000,40484466,40484469,1669272128501,False,True
30196829,6.87000000,104.01000000,40484470,40484470,1669272128501,False,True
30196830,6.86000000,11.66000000,40484471,40484471,1669272148109,False,True
30196831,6.86000000,84.69000000,40484472,40484472,1669272241735,True,True
30196832,6.86000000,18.61000000,40484473,40484475,1669272241747,True,True
30196833,6.85000000,38.13000000,40484476,40484477,1669272262526,True,True
30196834,6.85000000,11.33000000,40484478,40484478,1669272270600,True,True
30196835,6.85000000,14.66000000,40484479,40484479,1669272271358,True,True
30196836,6.86000000,2.19000000,40484480,40484480,1669272320997,False,True
30196837,6.86000000,2.74000000,40484481,40484481,1669272332519,False,True
30196838,6.86000000,26.32000000,40484482,40484482,1669272353120,False,True
30196839,6.86000000,113.66000000,40484483,40484485,1669272525320,False,True
30196840,6.86000000,2.45000000,40484486,40484486,1669272538087,False,True
30196841,6.86000000,126.59000000,40484487,40484487,1669272545947,False,True
30196842,6.85000000,25.54000000,40484488,40484488,1669272630357,True,True
30196843,6.84000000,3.36000000,40484489,40484489,1669272654699,True,True
30196844,6.86000000,209.46000000,40484490,40484492,1669272661760,False,True
30196845,6.87000000,2116.96000000,40484493,40484496,1669272661760,False,True
30196846,6.88000000,246.48000000,40484497,40484500,1669272661760,False,True
30196847,6.87000000,17.20000000,40484501,40484501,1669272661767,True,True
30196848,6.90000000,1.68000000,40484502,40484502,1669272661780,False,True
30196849,6.91000000,0.44000000,40484503,40484503,1669272661786,False,True
30196850,6.91000000,25.02000000,40484504,40484508,1669272661796,False,True
30196851,6.91000000,25.02000000,40484509,40484513,1669272661804,False,True
30196852,6.91000000,3.00000000,40484514,40484515,1669272661813,False,True
30196853,6.91000000,15.80000000,40484516,40484518,1669272661814,False,True
30196854,6.91000000,2.22000000,40484519,40484519,1669272661829,False,True
30196855,6.93000000,35.56000000,40484520,40484520,1669272662121,True,True
30196856,6.94000000,2.16000000,40484521,40484521,1669272663285,False,True
30196857,6.94000000,2.16000000,40484522,40484523,1669272664409,False,True
30196858,6.94000000,1.51000000,40484524,40484524,1669272664427,False,True
30196859,6.94000000,7.68000000,40484525,40484525,1669272666697,True,True
30196860,6.94000000,1.81000000,40484526,40484526,1669272668148,True,True
30196861,6.94000000,1.67000000,40484527,40484527,1669272670748,True,True
30196862,6.94000000,4.67000000,40484528,40484528,1669272671843,True,True
30196863,6.94000000,2.86000000,40484529,40484529,1669272677560,True,True
30196864,6.94000000,2.58000000,40484530,40484530,1669272690354,True,True
30196865,6.94000000,2.82000000,40484531,40484531,1669272691681,True,True
30196866,6.94000000,2.29000000,40484532,40484532,1669272692333,True,True
30196867,6.94000000,1.93000000,40484533,40484533,1669272696359,True,True
30196868,6.95000000,61.71000000,40484534,40484534,1669272704769,False,True
30196869,6.94000000,2.16000000,40484535,40484535,1669272705089,True,True
30196870,6.95000000,31.31000000,40484536,40484537,1669272709418,False,True
30196871,6.96000000,63.55000000,40484538,40484541,1669272709418,False,True
30196872,6.96000000,13.27000000,40484542,40484542,1669272709422,True,True
30196873,6.96000000,14.50000000,40484543,40484543,1669272709428,True,True
30196874,6.96000000,128.01000000,40484544,40484544,1669272709594,True,True
30196875,6.96000000,14.38000000,40484545,40484545,1669272712174,True,True
30196876,6.96000000,100.00000000,40484546,40484546,1669272712197,True,True
30196877,6.96000000,127.79000000,40484547,40484547,1669272712204,True,True
30196878,6.96000000,59.89000000,40484548,40484549,1669272712210,True,True
30196879,6.95000000,37.80000000,40484550,40484551,1669272712210,True,True
30196880,6.94000000,53.87000000,40484552,40484553,1669272712210,True,True
30196881,6.93000000,75.27000000,40484554,40484557,1669272712210,True,True
30196882,6.92000000,31.78000000,40484558,40484560,1669272712210,True,True
30196883,6.91000000,29.07000000,40484561,40484562,1669272712210,True,True
30196884,6.94000000,23.28000000,40484563,40484563,1669272712228,True,True
30196885,6.91000000,1.98000000,40484564,40484564,1669272712949,True,True
30196886,6.92000000,42.27000000,40484565,40484565,1669272713006,False,True
30196887,6.91000000,72.35000000,40484566,40484569,1669272761270,False,True
30196888,6.90000000,3.66000000,40484570,40484570,1669272774498,True,True
30196889,6.88000000,23.25000000,40484571,40484572,1669272797733,False,True
30196890,6.89000000,30.92000000,40484573,40484574,1669272797747,False,True
30196891,6.89000000,27.87000000,40484575,40484575,1669272797751,False,True
30196892,6.89000000,5.75000000,40484576,40484576,1669272798167,True,True
30196893,6.89000000,28.90000000,40484577,40484578,1669272801737,True,True
30196894,6.88000000,4.79000000,40484579,40484579,1669272801828,True,True
30196895,6.87000000,3.21000000,40484580,40484580,1669272801882,True,True
30196896,6.87000000,4.62000000,40484581,40484582,1669272807771,True,True
30196897,6.88000000,1.65000000,40484583,40484583,1669272809019,False,True
30196898,6.89000000,1.78000000,40484584,40484584,1669272809678,False,True
30196899,6.89000000,2.28000000,40484585,40484585,1669272815939,False,True
30196900,6.89000000,55.64000000,40484586,40484589,1669272836475,False,True
30196901,6.90000000,2.91000000,40484590,40484590,1669272836485,False,True
30196902,6.89000000,9.62000000,40484591,40484591,1669272841658,True,True
30196903,6.89000000,48.14000000,40484592,40484594,1669272841660,True,True
30196904,6.88000000,110.81000000,40484595,40484597,1669272841660,True,True
30196905,6.87000000,9.62000000,40484598,40484598,1669272841661,True,True
30196906,6.87000000,9.62000000,40484599,40484600,1669272841663,True,True
30196907,6.87000000,9.62000000,40484601,40484601,1669272841663,True,True
30196908,6.87000000,9.62000000,40484602,40484602,1669272841668,True,True
30196909,6.87000000,96.95000000,40484603,40484604,1669272841676,True,True
30196910,6.86000000,48.39000000,40484605,40484606,1669272841676,True,True
30196911,6.86000000,72.82000000,40484607,40484610,1669272841679,True,True
30196912,6.86000000,17.87000000,40484611,40484611,1669272841702,True,True
30196913,6.85000000,108.16000000,40484612,40484613,1669272841702,True,True
30196914,6.87000000,68.59000000,40484614,40484616,1669272844276,False,True
30196915,6.87000000,78.60000000,40484617,40484618,1669272844286,False,True
30196916,6.86000000,12.25000000,40484619,40484620,1669272846636,True,True
30196917,6.87000000,2.69000000,40484621,40484621,1669272852641,False,True
30196918,6.87000000,2.79000000,40484622,40484622,1669272853301,False,True
30196919,6.87000000,36.42000000,40484623,40484629,1669272868734,False,True
30196920,6.87000000,3.00000000,40484630,40484631,1669272900221,False,True
30196921,6.87000000,4.54000000,40484632,40484632,1669272900228,False,True
30196922,6.87000000,4.54000000,40484633,40484633,1669272900232,False,True
30196923,6.87000000,3.18000000,40484634,40484635,1669272900233,False,True
30196924,6.87000000,4.59000000,40484636,40484636,1669272900243,False,True
30196925,6.88000000,44.10000000,40484637,40484638,1669272900254,False,True
30196926,6.89000000,66.00000000,40484639,40484642,1669272900256,False,True
30196927,6.88000000,3.68000000,40484643,40484643,1669272903576,True,True
30196928,6.88000000,63.89000000,40484644,40484647,1669272904267,True,True
30196929,6.86000000,14.57000000,40484648,40484648,1669272904278,True,True
30196930,6.88000000,7.34000000,40484649,40484649,1669272904285,True,True
30196931,6.86000000,46.64000000,40484650,40484650,1669272904285,True,True
30196932,6.86000000,53.98000000,40484651,40484651,1669272904295,True,True
30196933,6.87000000,68.24000000,40484652,40484653,1669272904334,False,True
30196934,6.87000000,3.14000000,40484654,40484654,1669272904408,False,True
30196935,6.89000000,1.52000000,40484655,40484655,1669272904624,False,True
30196936,6.88000000,19.46000000,40484656,40484656,1669272921339,False,True
30196937,6.86000000,24.12000000,40484657,40484658,1669272921989,True,True
30196938,6.87000000,84.42000000,40484659,40484659,1669272924286,True,True
30196939,6.88000000,1.90000000,40484660,40484660,1669272951952,False,True
30196940,6.88000000,101.00000000,40484661,40484661,1669272959726,False,True
30196941,6.87000000,2.18000000,40484662,40484662,1669272959757,True,True
30196942,6.86000000,24.12000000,40484663,40484664,1669272959778,True,True
30196943,6.88000000,27.22000000,40484665,40484665,1669272979581,False,True
30196944,6.87000000,30.17000000,40484666,40484666,1669272979638,False,True
30196945,6.87000000,17.19000000,40484667,40484667,1669273044911,True,True
30196946,6.87000000,17.19000000,40484668,40484668,1669273044926,True,True
30196947,6.87000000,25.08000000,40484669,40484669,1669273044956,True,True
30196948,6.86000000,21.94000000,40484670,40484671,1669273044956,True,True
30196949,6.87000000,42.16000000,40484672,40484672,1669273103988,False,True
30196950,6.88000000,90.50000000,40484673,40484673,1669273103988,False,True
30196951,6.87000000,3.51000000,40484674,40484674,1669273104012,True,True
30196952,6.87000000,16.70000000,40484675,40484675,1669273104042,True,True
30196953,6.86000000,3.51000000,40484676,40484676,1669273104042,True,True
30196954,6.88000000,28.53000000,40484677,40484677,1669273128512,False,True
30196955,6.88000000,154.50000000,40484678,40484678,1669273128538,False,True
30196956,6.88000000,69.66000000,40484679,40484681,1669273129735,False,True
30196957,6.88000000,28.90000000,40484682,40484683,1669273169286,False,True
30196958,6.88000000,20.32000000,40484684,40484684,1669273172542,True,True
30196959,6.87000000,19.91000000,40484685,40484685,1669273172542,True,True
30196960,6.87000000,42.48000000,40484686,40484688,1669273172555,True,True
30196961,6.87000000,2.26000000,40484689,40484689,1669273172571,True,True
30196962,6.86000000,40.22000000,40484690,40484691,1669273172571,True,True
30196963,6.86000000,2.26000000,40484692,40484692,1669273172613,True,True
30196964,6.87000000,7.18000000,40484693,40484693,1669273178708,False,True
30196965,6.86000000,56.56000000,40484694,40484696,1669273184550,True,True
30196966,6.86000000,7.25000000,40484697,40484697,1669273184632,True,True
30196967,6.85000000,7.25000000,40484698,40484698,1669273184655,True,True
30196968,6.86000000,17.22000000,40484699,40484699,1669273199813,True,True
30196969,6.86000000,48.80000000,40484700,40484700,1669273199853,True,True
30196970,6.85000000,93.33000000,40484701,40484701,1669273199853,True,True
30196971,6.86000000,67.36000000,40484702,40484702,1669273210286,False,True
30196972,6.86000000,33.00000000,40484703,40484703,1669273223789,True,True
30196973,6.86000000,17.22000000,40484704,40484704,1669273223802,True,True
30196974,6.85000000,93.35000000,40484705,40484705,1669273223811,True,True
30196975,6.86000000,16.77000000,40484706,40484706,1669273233312,False,True
30196976,6.86000000,91.18000000,40484707,40484707,1669273238279,True,True
30196977,6.86000000,65.27000000,40484708,40484708,1669273238349,True,True
30196978,6.86000000,17.22000000,40484709,40484709,1669273251928,True,True
30196979,6.86000000,27.76000000,40484710,40484710,1669273251965,True,True
30196980,6.85000000,17.22000000,40484711,40484711,1669273251965,True,True
30196981,6.86000000,17.22000000,40484712,40484712,1669273266341,True,True
30196982,6.86000000,7.55000000,40484713,40484713,1669273266347,True,True
30196983,6.85000000,165.18000000,40484714,40484714,1669273266347,True,True
30196984,6.87000000,2.23000000,40484715,40484715,1669273266839,False,True
