30210772,6.09000000,175.12000000,40508610,40508610,1669420812595,False,True
30210773,6.09000000,12.31000000,40508611,40508611,1669420866230,False,True
30210774,6.07000000,3.34000000,40508612,40508612,1669420887014,True,True
30210775,6.08000000,2.02000000,40508613,40508613,1669420907410,False,True
30210776,6.07000000,1.68000000,40508614,40508614,1669420923515,True,True
30210777,6.08000000,10.70000000,40508615,40508616,1669420933236,False,True
30210778,6.07000000,18.00000000,40508617,40508617,1669420997236,True,True
30210779,6.08000000,2.34000000,40508618,40508618,1669421069585,False,True
30210780,6.07000000,27.87000000,40508619,40508620,1669421105016,True,True
30210781,6.08000000,32.94000000,40508621,40508621,1669421222467,False,True
30210782,6.07000000,2.11000000,40508622,40508622,1669421261260,True,True
30210783,6.07000000,1.81000000,40508623,40508623,1669421314833,True,True
30210784,6.07000000,3.31000000,40508624,40508624,1669421387753,True,True
30210785,6.07000000,166.50000000,40508625,40508627,1669421397340,True,True
30210786,6.07000000,37.94000000,40508628,40508628,1669421399377,True,True
30210787,6.06000000,121.27000000,40508629,40508632,1669421399377,True,True
30210788,6.05000000,7.28000000,40508633,40508633,1669421399377,True,True
30210789,6.05000000,166.49000000,40508634,40508639,1669421400358,True,True
30210790,6.06000000,6.51000000,40508640,40508640,1669421405244,False,True
30210791,6.06000000,36.61000000,40508641,40508641,1669421405292,False,True
30210792,6.05000000,36.30000000,40508642,40508642,1669421500668,True,True
30210793,6.04000000,193.95000000,40508643,40508648,1669421500668,True,True
30210794,6.04000000,5.06000000,40508649,40508650,1669421500668,True,True
30210795,6.05000000,21.82000000,40508651,40508651,1669421500694,False,True
30210796,6.05000000,10.10000000,40508652,40508652,1669421500707,False,True
30210797,6.05000000,11.08000000,40508653,40508653,1669421500721,False,True
30210798,6.05000000,8.26000000,40508654,40508654,1669421566303,False,True
30210799,6.05000000,2.79000000,40508655,40508655,1669421604485,False,True
30210800,6.04000000,95.67000000,40508656,40508657,1669421620802,True,True
30210801,6.03000000,66.74000000,40508658,40508661,1669421620802,True,True
30210802,6.04000000,21.85000000,40508662,40508662,1669421620821,False,True
30210803,6.03000000,29.53000000,40508663,40508663,1669421650464,True,True
30210804,6.03000000,3.41000000,40508664,40508664,1669421650489,False,True
30210805,6.03000000,6.13000000,40508665,40508665,1669421655129,False,True
30210806,6.03000000,6.13000000,40508666,40508666,1669421655152,False,True
30210807,6.03000000,39.26000000,40508667,40508667,1669421660514,False,True
30210808,6.02000000,55.94000000,40508668,40508670,1669421687381,True,True
30210809,6.03000000,2.10000000,40508671,40508671,1669421695229,False,True
30210810,6.03000000,2.42000000,40508672,40508672,1669421720277,False,True
30210811,6.03000000,2.93000000,40508673,40508673,1669421750171,False,True
30210812,6.03000000,23.44000000,40508674,40508674,1669421750426,False,True
30210813,6.03000000,121.49000000,40508675,40508676,1669421806494,False,True
30210814,6.03000000,6.16000000,40508677,40508677,1669421806512,True,True
30210815,6.03000000,2.09000000,40508678,40508678,1669421819410,False,True
30210816,6.02000000,226.12000000,40508679,40508682,1669421924535,True,True
30210817,6.01000000,617.19000000,40508683,40508690,1669421924535,True,True
30210818,6.00000000,655.70000000,40508691,40508699,1669421924535,True,True
30210819,5.99000000,64.92000000,40508700,40508702,1669421924535,True,True
30210820,5.98000000,176.56000000,40508703,40508703,1669421924535,True,True
30210821,6.00000000,150.48000000,40508704,40508704,1669421924541,False,True
30210822,6.00000000,0.03000000,40508705,40508705,1669421924541,False,True
30210823,6.00000000,16.59000000,40508706,40508706,1669421924549,False,True
30210824,6.01000000,16.63000000,40508707,40508707,1669421924556,True,True
30210825,6.02000000,2.07000000,40508708,40508709,1669421930836,False,True
30210826,6.02000000,2.73000000,40508710,40508710,1669421937053,False,True
30210827,6.02000000,1.74000000,40508711,40508711,1669421937812,False,True
30210828,6.02000000,3.40000000,40508712,40508712,1669421937818,False,True
30210829,6.02000000,3.32000000,40508713,40508713,1669421937833,False,True
30210830,6.02000000,1.74000000,40508714,40508714,1669421937858,False,True
30210831,6.02000000,2.96000000,40508715,40508715,1669421938994,False,True
30210832,6.02000000,2.65000000,40508716,40508716,1669421939616,False,True
30210833,6.00000000,16.23000000,40508717,40508719,1669422114003,True,True
30210834,6.00000000,22.00000000,40508720,40508720,1669422114208,False,True
30210835,6.00000000,22.00000000,40508721,40508721,1669422114239,False,True
30210836,6.00000000,1.97000000,40508722,40508722,1669422114269,False,True
30210837,5.99000000,107.82000000,40508723,40508727,1669422117940,True,True
30210838,5.98000000,325.51000000,40508728,40508728,1669422117940,True,True
30210839,5.98000000,386.39000000,40508729,40508729,1669422117951,True,True
30210840,5.98000000,433.33000000,40508730,40508730,1669422118927,True,True
30210841,5.99000000,77.56000000,40508731,40508732,1669422119488,False,True
30210842,5.98000000,433.34000000,40508733,40508734,1669422120863,True,True
30210843,5.98000000,378.01000000,40508735,40508735,1669422122862,True,True
30210844,5.97000000,55.32000000,40508736,40508736,1669422122862,True,True
30210845,5.98000000,22.07000000,40508737,40508737,1669422122882,False,True
30210846,5.98000000,20.20000000,40508738,40508738,1669422122934,False,True
30210847,5.99000000,48.40000000,40508739,40508739,1669422123719,False,True
30210848,5.98000000,191.55000000,40508740,40508740,1669422123866,True,True
30210849,5.97000000,204.86000000,40508741,40508741,1669422123866,True,True
30210850,5.98000000,66.00000000,40508742,40508742,1669422123896,True,True
30210851,5.98000000,8.16000000,40508743,40508743,1669422125749,True,True
30210852,5.97000000,425.18000000,40508744,40508744,1669422125749,True,True
30210853,5.98000000,22.07000000,40508745,40508745,1669422125767,False,True
30210854,5.98000000,55.64000000,40508746,40508747,1669422125776,False,True
30210855,5.97000000,433.33000000,40508748,40508748,1669422127749,True,True
30210856,5.98000000,3.20000000,40508749,40508749,1669422127863,False,True
30210857,5.98000000,2.87000000,40508750,40508750,1669422128513,False,True
30210858,5.97000000,299.08000000,40508751,40508751,1669422128750,True,True
30210859,5.96000000,128.18000000,40508752,40508754,1669422128750,True,True
30210860,5.98000000,35.01000000,40508755,40508755,1669422129212,False,True
30210861,5.98000000,33.44000000,40508756,40508756,1669422129539,True,True
30210862,5.97000000,44.74000000,40508757,40508758,1669422131493,True,True
30210863,5.97000000,44.74000000,40508759,40508759,1669422133489,True,True
30210864,5.97000000,11.30000000,40508760,40508761,1669422134490,True,True
30210865,5.98000000,1.95000000,40508762,40508762,1669422140522,False,True
30210866,5.98000000,8.36000000,40508763,40508763,1669422141065,False,True
30210867,5.98000000,2.27000000,40508764,40508764,1669422141156,False,True
30210868,5.98000000,3.01000000,40508765,40508765,1669422141801,False,True
30210869,5.98000000,2.60000000,40508766,40508766,1669422142453,False,True
30210870,5.98000000,2.68000000,40508767,40508767,1669422143143,False,True
30210871,5.98000000,33.44000000,40508768,40508768,1669422144428,False,True
30210872,5.98000000,22.07000000,40508769,40508770,1669422144456,False,True
30210873,5.98000000,33.44000000,40508771,40508771,1669422144489,False,True
30210874,5.98000000,3.19000000,40508772,40508772,1669422152789,False,True
30210875,5.97000000,15.29000000,40508773,40508773,1669422263329,True,True
30210876,5.96000000,42.60000000,40508774,40508776,1669422270582,True,True
30210877,5.97000000,14.68000000,40508777,40508777,1669422272439,False,True
30210878,5.98000000,46.31000000,40508778,40508780,1669422272439,False,True
30210879,5.97000000,14.04000000,40508781,40508781,1669422312025,True,True
30210880,5.98000000,3.39000000,40508782,40508782,1669422328940,False,True
30210881,5.98000000,39.08000000,40508783,40508784,1669422328968,False,True
30210882,6.00000000,22.00000000,40508785,40508785,1669422451814,False,True
30210883,6.00000000,22.00000000,40508786,40508786,1669422451839,False,True
30210884,6.00000000,6.00000000,40508787,40508787,1669422451863,False,True
30210885,6.02000000,1.74000000,40508788,40508789,1669422452319,False,True
30210886,6.02000000,6.64000000,40508790,40508790,1669422452564,False,True
30210887,6.00000000,43.95000000,40508791,40508792,1669422487917,True,True
30210888,5.99000000,50.60000000,40508793,40508794,1669422570064,True,True
30210889,5.98000000,28.93000000,40508795,40508795,1669422589684,True,True
30210890,5.98000000,37.90000000,40508796,40508796,1669422636419,True,True
30210891,5.99000000,36.26000000,40508797,40508797,1669422723216,False,True
30210892,6.01000000,3.33000000,40508798,40508798,1669422726476,False,True
30210893,6.01000000,3.33000000,40508799,40508799,1669422746576,False,True
30210894,6.01000000,2.54000000,40508800,40508800,1669422776229,False,True
30210895,6.00000000,42.08000000,40508801,40508801,1669422821362,True,True
30210896,6.01000000,5.61000000,40508802,40508802,1669422873220,False,True
30210897,5.99000000,109.51000000,40508803,40508805,1669422876756,True,True
30210898,6.01000000,1.66000000,40508806,40508806,1669422879255,False,True
30210899,5.99000000,5.66000000,40508807,40508807,1669422941426,True,True
30210900,5.99000000,11.81000000,40508808,40508808,1669422942214,True,True
30210901,6.01000000,4.99000000,40508809,40508809,1669422949818,False,True
30210902,6.00000000,37.13000000,40508810,40508810,1669422957652,False,True
30210903,6.01000000,111.16000000,40508811,40508814,1669422970490,False,True
30210904,6.01000000,110.31000000,40508815,40508815,1669422970496,True,True
30210905,6.02000000,33.00000000,40508816,40508817,1669422970504,False,True
30210906,6.02000000,83.57000000,40508818,40508819,1669422970515,False,True
30210907,6.01000000,21.67000000,40508820,40508820,1669422988950,True,True
30210908,6.01000000,16.66000000,40508821,40508821,1669422988958,True,True
30210909,6.01000000,632.27000000,40508822,40508822,1669423019528,True,True
30210910,6.01000000,29.86000000,40508823,40508823,1669423029544,True,True
30210911,6.01000000,2.97000000,40508824,40508824,1669423037019,True,True
30210912,6.01000000,2.21000000,40508825,40508825,1669423075653,True,True
30210913,6.01000000,6.09000000,40508826,40508826,1669423089993,True,True
30210914,6.01000000,30.00000000,40508827,40508827,1669423117795,True,True
30210915,6.02000000,243.81000000,40508828,40508828,1669423131978,True,True
30210916,6.02000000,238.09000000,40508829,40508829,1669423169553,True,True
30210917,6.02000000,23.90000000,40508830,40508830,1669423177393,True,True
30210918,6.03000000,5.74000000,40508831,40508831,1669423291585,False,True
30210919,6.02000000,3.32000000,40508832,40508832,1669423300785,True,True
30210920,6.02000000,66.76000000,40508833,40508834,1669423336440,True,True
30210921,6.03000000,58.78000000,40508835,40508835,1669423510459,False,True
30210922,6.03000000,4.68000000,40508836,40508836,1669423512786,False,True
30210923,6.04000000,11.94000000,40508837,40508838,1669423561669,False,True
30210924,6.04000000,5.56000000,40508839,40508839,1669423575746,False,True
30210925,6.04000000,6.64000000,40508840,40508840,1669423575753,False,True
30210926,6.04000000,21.25000000,40508841,40508841,1669423584119,False,True
30210927,6.03000000,42.08000000,40508842,40508843,1669423620837,True,True
30210928,6.04000000,95.96000000,40508844,40508846,1669423697732,False,True
30210929,6.04000000,4.97000000,40508847,40508847,1669423697842,False,True
30210930,6.03000000,2.08000000,40508848,40508848,1669423700915,True,True
30210931,6.03000000,95.87000000,40508849,40508851,1669423745922,True,True
30210932,6.03000000,10.97000000,40508852,40508852,1669423803426,True,True
30210933,6.03000000,3.34000000,40508853,40508853,1669423805577,True,True
30210934,6.03000000,3.34000000,40508854,40508854,1669423805593,True,True
30210935,6.03000000,4.52000000,40508855,40508856,1669423807753,True,True
30210936,6.04000000,10.75000000,40508857,40508857,1669423827477,False,True
30210937,6.04000000,16.55000000,40508858,40508858,1669423908699,True,True
30210938,6.03000000,34.59000000,40508859,40508860,1669423908699,True,True
30210939,6.04000000,4.60000000,40508861,40508861,1669423941020,False,True
30210940,6.05000000,117.05000000,40508862,40508865,1669423941020,False,True
30210941,6.05000000,53.31000000,40508866,40508866,1669423941169,False,True
30210942,6.04000000,3.18000000,40508867,40508867,1669423955968,True,True
30210943,6.04000000,5.60000000,40508868,40508868,1669423959604,True,True
30210944,6.05000000,41.45000000,40508869,40508869,1669424109213,False,True
30210945,6.04000000,3.32000000,40508870,40508870,1669424117617,True,True
30210946,6.04000000,28.36000000,40508871,40508871,1669424159643,True,True
30210947,6.05000000,5.38000000,40508872,40508872,1669424186630,False,True
30210948,6.04000000,2.86000000,40508873,40508873,1669424243407,True,True
30210949,6.05000000,26.28000000,40508874,40508874,1669424366790,False,True
30210950,6.05000000,3.31000000,40508875,40508875,1669424419123,False,True
30210951,6.04000000,4.69000000,40508876,40508876,1669424419851,True,True
30210952,6.06000000,2.06000000,40508877,40508877,1669424431696,False,True
30210953,6.05000000,1.94000000,40508878,40508878,1669424539971,True,True
30210954,6.05000000,8.10000000,40508879,40508880,1669424540344,True,True
30210955,6.04000000,0.25000000,40508881,40508881,1669424540344,True,True
30210956,6.04000000,75.71000000,40508882,40508883,1669424546917,True,True
30210957,6.04000000,3.08000000,40508884,40508884,1669424546941,False,True
30210958,6.04000000,72.47000000,40508885,40508887,1669424552341,True,True
30210959,6.03000000,152.34000000,40508888,40508892,1669424552341,True,True
30210960,6.02000000,275.19000000,40508893,40508898,1669424552341,True,True
30210961,6.01000000,200.00000000,40508899,40508903,1669424561115,True,True
30210962,6.02000000,2.75000000,40508904,40508904,1669424585541,False,True
30210963,6.02000000,49.85000000,40508905,40508906,1669424619846,False,True
30210964,6.02000000,3.30000000,40508907,40508907,1669424621557,True,True
30210965,6.02000000,27.96000000,40508908,40508908,1669424634175,True,True
30210966,6.01000000,49.84000000,40508909,40508910,1669424634175,True,True
30210967,6.00000000,122.20000000,40508911,40508915,1669424634175,True,True
30210968,6.00000000,132.72000000,40508916,40508919,1669424640299,True,True
30210969,6.00000000,67.28000000,40508920,40508920,1669424640309,False,True
30210970,6.01000000,3.29000000,40508921,40508921,1669424641385,False,True
30210971,6.00000000,37.00000000,40508922,40508923,1669424642879,True,True
30210972,6.00000000,29.01000000,40508924,40508924,1669424642915,False,True
30210973,6.01000000,29.01000000,40508925,40508925,1669424645472,False,True
30210974,6.01000000,4.31000000,40508926,40508926,1669424651102,False,True
30210975,6.02000000,98.08000000,40508927,40508930,1669424686943,False,True
30210976,6.02000000,26.60000000,40508931,40508932,1669424686948,False,True
30210977,6.02000000,31.96000000,40508933,40508933,1669424686949,False,True
30210978,6.03000000,2.49000000,40508934,40508934,1669424725669,False,True
30210979,6.03000000,2.49000000,40508935,40508935,1669424754478,False,True
30210980,6.01000000,10.27000000,40508936,40508936,1669424832725,True,True
30210981,6.03000000,14.93000000,40508937,40508938,1669424858567,False,True
30210982,6.03000000,61.15000000,40508939,40508940,1669424861447,False,True
30210983,6.02000000,16.15000000,40508941,40508941,1669424876371,True,True
30210984,6.01000000,300.00000000,40508942,40508947,1669424889330,True,True
30210985,6.02000000,37.36000000,40508948,40508948,1669424900847,False,True
30210986,6.01000000,46.63000000,40508949,40508950,1669424923455,True,True
30210987,6.00000000,453.37000000,40508951,40508953,1669424923455,True,True
30210988,6.00000000,477.00000000,40508954,40508954,1669424936474,True,True
30210989,6.00000000,33.00000000,40508955,40508955,1669424936498,True,True
30210990,6.00000000,13.33000000,40508956,40508956,1669424938839,True,True
30210991,6.01000000,21.04000000,40508957,40508957,1669424943947,False,True
30210992,6.02000000,25.78000000,40508958,40508959,1669424943947,False,True
30210993,6.02000000,2.42000000,40508960,40508960,1669424950936,False,True
30210994,6.01000000,2.00000000,40508961,40508961,1669425030258,True,True
30210995,6.01000000,2.00000000,40508962,40508962,1669425042911,True,True
30210996,6.02000000,20.08000000,40508963,40508963,1669425043555,False,True
30210997,6.01000000,2.80000000,40508964,40508964,1669425047888,False,True
30210998,6.02000000,2.73000000,40508965,40508965,1669425055783,False,True
30210999,6.01000000,3.89000000,40508966,40508966,1669425055973,False,True
30211000,6.02000000,2.75000000,40508967,40508967,1669425096100,False,True
30211001,6.00000000,41.65000000,40508968,40508968,1669425122916,True,True
30211002,6.02000000,3.29000000,40508969,40508970,1669425174168,False,True
30211003,6.02000000,3.05000000,40508971,40508971,1669425189016,False,True
30211004,6.00000000,124.95000000,40508972,40508972,1669425239660,True,True
30211005,6.02000000,3.22000000,40508973,40508974,1669425267882,False,True
30211006,6.02000000,1.98000000,40508975,40508976,1669425272411,False,True
30211007,6.02000000,100.27000000,40508977,40508979,1669425279248,False,True
30211008,6.03000000,352.74000000,40508980,40508984,1669425279248,False,True
30211009,6.03000000,274.66000000,40508985,40508985,1669425279256,True,True
30211010,6.03000000,67.28000000,40508986,40508986,1669425279259,True,True
30211011,6.03000000,21.91000000,40508987,40508987,1669425279260,True,True
30211012,6.03000000,3.28000000,40508988,40508988,1669425289940,True,True
30211013,6.03000000,40.47000000,40508989,40508989,1669425293019,True,True
30211014,6.03000000,5.11000000,40508990,40508990,1669425309426,True,True
30211015,6.04000000,192.81000000,40508991,40508995,1669425318307,False,True
30211016,6.05000000,50.10000000,40508996,40508997,1669425318327,False,True
30211017,6.05000000,91.22000000,40508998,40508998,1669425326697,True,True
30211018,6.05000000,139.37000000,40508999,40509002,1669425348031,False,True
30211019,6.06000000,723.76000000,40509003,40509013,1669425348031,False,True
30211020,6.07000000,171.33000000,40509014,40509018,1669425348031,False,True
30211021,6.08000000,81.45000000,40509019,40509020,1669425348031,False,True
30211022,6.06000000,3.96000000,40509021,40509021,1669425348318,True,True
30211023,6.05000000,2.04000000,40509022,40509023,1669425352841,True,True
30211024,6.07000000,28.69000000,40509024,40509024,1669425388145,False,True
30211025,6.05000000,3.28000000,40509025,40509025,1669425414216,True,True
30211026,6.05000000,2.41000000,40509026,40509026,1669425414845,True,True
30211027,6.06000000,8.27000000,40509027,40509027,1669425508300,True,True
30211028,6.07000000,5.44000000,40509028,40509028,1669425555094,False,True
30211029,6.06000000,60.01000000,40509029,40509029,1669425570194,True,True
30211030,6.05000000,134.98000000,40509030,40509031,1669425628293,True,True
30211031,6.05000000,26.73000000,40509032,40509032,1669425630838,True,True
30211032,6.05000000,2.47000000,40509033,40509033,1669425630841,True,True
30211033,6.05000000,15.58000000,40509034,40509034,1669425630844,True,True
30211034,6.04000000,0.97000000,40509035,40509035,1669425630844,True,True
30211035,6.05000000,3.96000000,40509036,40509036,1669425638424,False,True
30211036,6.04000000,19.95000000,40509037,40509037,1669425668402,True,True
30211037,6.06000000,66.00000000,40509038,40509038,1669425678661,False,True
30211038,6.06000000,30.91000000,40509039,40509039,1669425680687,False,True
30211039,6.06000000,33.00000000,40509040,40509041,1669425680687,False,True
30211040,6.07000000,3.96000000,40509042,40509043,1669425681914,False,True
30211041,6.06000000,33.00000000,40509044,40509044,1669425685940,True,True
30211042,6.06000000,4.95000000,40509045,40509045,1669425726395,False,True
30211043,6.06000000,4.40000000,40509046,40509046,1669425726477,False,True
30211044,6.06000000,81.40000000,40509047,40509047,1669425726506,False,True
30211045,6.07000000,3.30000000,40509048,40509048,1669425736057,False,True
30211046,6.07000000,54.95000000,40509049,40509049,1669425745094,True,True
30211047,6.07000000,3.73000000,40509050,40509050,1669425745108,True,True
30211048,6.06000000,130.76000000,40509051,40509053,1669425752681,True,True
30211049,6.05000000,1.65000000,40509054,40509054,1669425760035,True,True
30211050,6.05000000,109.23000000,40509055,40509058,1669425818877,True,True
30211051,6.04000000,72.47000000,40509059,40509060,1669425836258,True,True
30211052,6.03000000,22.17000000,40509061,40509062,1669425837036,True,True
30211053,6.04000000,33.00000000,40509063,40509063,1669425840261,False,True
30211054,6.04000000,66.00000000,40509064,40509066,1669425840272,False,True
30211055,6.03000000,215.09000000,40509067,40509071,1669425844711,True,True
30211056,6.03000000,48.07000000,40509072,40509072,1669425844730,True,True
30211057,6.03000000,82.18000000,40509073,40509073,1669425844739,False,True
30211058,6.03000000,45.59000000,40509074,40509075,1669425848370,False,True
30211059,6.03000000,2.94000000,40509076,40509076,1669425867541,False,True
30211060,6.03000000,73.74000000,40509077,40509078,1669425896303,False,True
30211061,6.04000000,109.74000000,40509079,40509082,1669425902170,False,True
30211062,6.04000000,1.73000000,40509083,40509083,1669425905649,False,True
30211063,6.04000000,29.38000000,40509084,40509084,1669425912514,False,True
30211064,6.04000000,72.26000000,40509085,40509086,1669425919079,False,True
30211065,6.05000000,111.54000000,40509087,40509087,1669425919079,False,True
30211066,6.05000000,4.13000000,40509088,40509088,1669425935678,False,True
30211067,6.03000000,26.20000000,40509089,40509089,1669425950058,True,True
30211068,6.04000000,2.03000000,40509090,40509090,1669425954408,False,True
30211069,6.02000000,320.40000000,40509091,40509091,1669426018136,True,True
30211070,6.02000000,8.37000000,40509092,40509092,1669426025306,True,True
30211071,6.04000000,3.25000000,40509093,40509093,1669426025433,False,True
30211072,6.03000000,35.01000000,40509094,40509094,1669426044573,True,True
30211073,6.02000000,104.01000000,40509095,40509095,1669426044573,True,True
30211074,6.03000000,21.89000000,40509096,40509096,1669426044601,False,True
30211075,6.03000000,33.90000000,40509097,40509097,1669426044655,False,True
30211076,6.04000000,305.19000000,40509098,40509100,1669426060942,False,True
30211077,6.04000000,46.27000000,40509101,40509101,1669426060951,True,True
30211078,6.04000000,21.87000000,40509102,40509102,1669426060960,True,True
30211079,6.05000000,1.92000000,40509103,40509103,1669426066372,False,True
30211080,6.05000000,3.00000000,40509104,40509104,1669426068996,False,True
30211081,6.05000000,52.14000000,40509105,40509106,1669426084676,False,True
30211082,6.05000000,3.76000000,40509107,40509107,1669426110526,True,True
30211083,6.05000000,16.72000000,40509108,40509108,1669426165746,True,True
30211084,6.05000000,16.72000000,40509109,40509109,1669426169720,True,True
30211085,6.05000000,16.72000000,40509110,40509110,1669426172256,True,True
30211086,6.05000000,32.82000000,40509111,40509111,1669426172257,True,True
30211087,6.05000000,16.71000000,40509112,40509112,1669426175185,True,True
30211088,6.05000000,100.92000000,40509113,40509113,1669426175189,True,True
30211089,6.05000000,46.93000000,40509114,40509114,1669426178920,True,True
30211090,6.05000000,43.15000000,40509115,40509115,1669426178929,True,True
30211091,6.04000000,18.12000000,40509116,40509116,1669426192421,True,True
30211092,6.04000000,28.68000000,40509117,40509118,1669426196678,True,True
30211093,6.05000000,78.87000000,40509119,40509120,1669426223583,False,True
30211094,6.06000000,49.50000000,40509121,40509121,1669426310093,False,True
30211095,6.06000000,32.09000000,40509122,40509123,1669426354173,False,True
30211096,6.06000000,434.72000000,40509124,40509125,1669426355686,True,True
30211097,6.05000000,2.76000000,40509126,40509126,1669426377418,False,True
30211098,6.05000000,17.30000000,40509127,40509127,1669426385427,False,True
30211099,6.04000000,31.65000000,40509128,40509128,1669426399415,True,True
30211100,6.04000000,78.78000000,40509129,40509131,1669426434920,True,True
30211101,6.04000000,16.58000000,40509132,40509132,1669426434923,True,True
30211102,6.05000000,22.20000000,40509133,40509134,1669426464023,False,True
30211103,6.06000000,15.74000000,40509135,40509135,1669426477982,False,True
30211104,6.05000000,17.25000000,40509136,40509136,1669426520238,True,True
30211105,6.05000000,5.18000000,40509137,40509137,1669426567411,True,True
30211106,6.05000000,5.37000000,40509138,40509138,1669426576187,True,True
30211107,6.05000000,17.53000000,40509139,40509139,1669426590820,False,True
30211108,6.05000000,43.51000000,40509140,40509141,1669426747958,False,True
30211109,6.05000000,66.11000000,40509142,40509142,1669426754050,False,True
30211110,6.05000000,27.10000000,40509143,40509143,1669426763349,False,True
30211111,6.04000000,125.33000000,40509144,40509146,1669426805722,True,True
30211112,6.03000000,58.30000000,40509147,40509148,1669426805722,True,True
30211113,6.04000000,3.00000000,40509149,40509149,1669426810589,False,True
30211114,6.04000000,2.26000000,40509150,40509150,1669426830756,False,True
30211115,6.03000000,38.88000000,40509151,40509151,1669426878408,True,True
30211116,6.03000000,278.17000000,40509152,40509158,1669426899252,True,True
30211117,6.03000000,82.18000000,40509159,40509159,1669426899261,False,True
30211118,6.03000000,3.99000000,40509160,40509160,1669426899270,False,True
30211119,6.03000000,23.74000000,40509161,40509161,1669426979215,False,True
30211120,6.03000000,116.89000000,40509162,40509164,1669427035764,False,True
30211121,6.02000000,11.78000000,40509165,40509166,1669427057626,True,True
30211122,6.02000000,3.22000000,40509167,40509167,1669427057626,True,True
30211123,6.03000000,3.25000000,40509168,40509168,1669427067019,False,True
30211124,6.02000000,12.70000000,40509169,40509169,1669427132722,True,True
30211125,6.03000000,2.83000000,40509170,40509171,1669427148635,False,True
30211126,6.03000000,2.29000000,40509172,40509172,1669427149285,False,True
30211127,6.03000000,3.03000000,40509173,40509173,1669427150587,False,True
30211128,6.02000000,132.00000000,40509174,40509176,1669427168081,True,True
30211129,6.02000000,4.69000000,40509177,40509177,1669427168152,True,True
30211130,6.02000000,39.03000000,40509178,40509178,1669427168341,True,True
30211131,6.03000000,2.00000000,40509179,40509179,1669427175225,False,True
30211132,6.03000000,2.67000000,40509180,40509180,1669427176648,False,True
30211133,6.03000000,124.97000000,40509181,40509181,1669427270846,False,True
30211134,6.03000000,25.85000000,40509182,40509183,1669427310098,False,True
30211135,6.02000000,1.68000000,40509184,40509184,1669427322854,True,True
30211136,6.02000000,7.98000000,40509185,40509185,1669427361004,True,True
30211137,6.02000000,13.39000000,40509186,40509186,1669427382672,True,True
30211138,6.03000000,2.97000000,40509187,40509187,1669427414393,False,True
30211139,6.02000000,42.00000000,40509188,40509189,1669427418483,True,True
30211140,6.03000000,178.15000000,40509190,40509194,1669427452313,False,True
30211141,6.04000000,5.64000000,40509195,40509195,1669427457763,False,True
30211142,6.02000000,283.64000000,40509196,40509201,1669427459562,True,True
30211143,6.01000000,47.52000000,40509202,40509205,1669427459581,True,True
30211144,6.01000000,57.57000000,40509206,40509207,1669427464404,False,True
30211145,6.01000000,2.28000000,40509208,40509208,1669427465203,False,True
30211146,6.01000000,37.91000000,40509209,40509209,1669427465214,False,True
30211147,6.00000000,5.64000000,40509210,40509211,1669427467131,True,True
30211148,6.02000000,2.42000000,40509212,40509212,1669427470738,False,True
30211149,6.02000000,2.95000000,40509213,40509213,1669427476796,False,True
30211150,6.01000000,6.32000000,40509214,40509214,1669427479980,True,True
30211151,6.01000000,15.74000000,40509215,40509215,1669427569192,True,True
30211152,6.02000000,2.70000000,40509216,40509216,1669427578388,False,True
30211153,6.01000000,79.00000000,40509217,40509219,1669427579967,True,True
30211154,6.00000000,42.52000000,40509220,40509220,1669427579967,True,True
30211155,6.02000000,2.49000000,40509221,40509221,1669427597677,False,True
30211156,6.02000000,3.20000000,40509222,40509222,1669427599605,False,True
30211157,6.02000000,27.87000000,40509223,40509224,1669427606383,False,True
30211158,6.00000000,2.41000000,40509225,40509225,1669427736026,True,True
30211159,6.02000000,44.27000000,40509226,40509227,1669427777315,False,True
30211160,6.02000000,17.66000000,40509228,40509228,1669427790234,True,True
30211161,6.02000000,2.74000000,40509229,40509229,1669427838832,True,True
30211162,6.03000000,25.92000000,40509230,40509231,1669427841656,False,True
30211163,6.03000000,43.15000000,40509232,40509232,1669427865428,False,True
30211164,6.03000000,75.29000000,40509233,40509233,1669427865436,True,True
30211165,6.03000000,21.94000000,40509234,40509234,1669427865441,True,True
30211166,6.03000000,64.86000000,40509235,40509235,1669427865447,True,True
30211167,6.03000000,139.09000000,40509236,40509238,1669427868492,False,True
30211168,6.04000000,66.04000000,40509239,40509240,1669427886402,False,True
30211169,6.04000000,16.52000000,40509241,40509241,1669427910066,False,True
30211170,6.04000000,14.52000000,40509242,40509242,1669427922670,False,True
30211171,6.04000000,30.00000000,40509243,40509244,1669427931329,False,True
30211172,6.04000000,28.97000000,40509245,40509245,1669427939894,False,True
30211173,6.05000000,10.10000000,40509246,40509247,1669427943411,False,True
30211174,6.04000000,2.02000000,40509248,40509248,1669427946752,True,True
30211175,6.04000000,2.66000000,40509249,40509249,1669427957303,True,True
30211176,6.04000000,25.96000000,40509250,40509250,1669427986940,True,True
30211177,6.05000000,2.00000000,40509251,40509251,1669427987828,False,True
30211178,6.05000000,5.08000000,40509252,40509252,1669428000593,False,True
30211179,6.05000000,140.61000000,40509253,40509257,1669428006945,False,True
30211180,6.05000000,2.93000000,40509258,40509258,1669428016503,True,True
30211181,6.05000000,8.68000000,40509259,40509259,1669428022924,True,True
30211182,6.04000000,4.69000000,40509260,40509261,1669428024108,True,True
30211183,6.05000000,17.58000000,40509262,40509262,1669428038516,False,True
30211184,6.05000000,3.47000000,40509263,40509263,1669428062145,False,True
30211185,6.05000000,21.32000000,40509264,40509264,1669428066628,True,True
30211186,6.05000000,10.00000000,40509265,40509265,1669428089137,False,True
30211187,6.05000000,2.62000000,40509266,40509266,1669428111746,False,True
30211188,6.05000000,245.48000000,40509267,40509271,1669428115405,False,True
30211189,6.06000000,166.28000000,40509272,40509277,1669428115405,False,True
30211190,6.07000000,404.12000000,40509278,40509282,1669428115405,False,True
30211191,6.08000000,176.66000000,40509283,40509286,1669428115405,False,True
30211192,6.09000000,653.54000000,40509287,40509290,1669428115405,False,True
30211193,6.06000000,2.20000000,40509291,40509291,1669428122775,True,True
30211194,6.06000000,3.19000000,40509292,40509292,1669428142100,True,True
30211195,6.06000000,82.86000000,40509293,40509294,1669428197954,True,True
30211196,6.06000000,7.32000000,40509295,40509295,1669428232392,False,True
30211197,6.07000000,7.68000000,40509296,40509296,1669428232392,False,True
30211198,6.07000000,15.00000000,40509297,40509297,1669428236379,False,True
30211199,6.06000000,126.78000000,40509298,40509301,1669428237178,True,True
30211200,6.05000000,73.02000000,40509302,40509304,1669428237178,True,True
30211201,6.05000000,1.99000000,40509305,40509305,1669428247382,True,True
30211202,6.07000000,1.66000000,40509306,40509306,1669428301700,False,True
30211203,6.05000000,69.67000000,40509307,40509309,1669428339217,True,True
30211204,6.03000000,12.34000000,40509310,40509310,1669428341370,True,True
30211205,6.03000000,2.75000000,40509311,40509311,1669428343218,True,True
30211206,6.04000000,49.66000000,40509312,40509312,1669428376542,True,True
30211207,6.04000000,39.96000000,40509313,40509313,1669428509324,False,True
30211208,6.04000000,15.72000000,40509314,40509314,1669428512181,True,True
30211209,6.07000000,222.11000000,40509315,40509322,1669428529473,False,True
30211210,6.07000000,94.91000000,40509323,40509323,1669428529479,True,True
30211211,6.07000000,4.62000000,40509324,40509324,1669428538522,False,True
30211212,6.06000000,73.25000000,40509325,40509326,1669428542653,True,True
30211213,6.05000000,33.00000000,40509327,40509327,1669428542680,True,True
30211214,6.05000000,73.70000000,40509328,40509332,1669428589481,True,True
30211215,6.04000000,66.78000000,40509333,40509334,1669428596872,True,True
30211216,6.05000000,21.83000000,40509335,40509335,1669428625571,False,True
30211217,6.05000000,59.88000000,40509336,40509337,1669428649606,False,True
30211218,6.05000000,122.43000000,40509338,40509339,1669428656597,False,True
30211219,6.05000000,386.41000000,40509340,40509341,1669428673923,False,True
30211220,6.05000000,32.49000000,40509342,40509342,1669428676166,False,True
30211221,6.05000000,2.03000000,40509343,40509343,1669428709348,False,True
30211222,6.05000000,20.00000000,40509344,40509344,1669428720971,False,True
30211223,6.05000000,89.25000000,40509345,40509345,1669428732187,False,True
30211224,6.04000000,132.40000000,40509346,40509347,1669428764479,True,True
30211225,6.05000000,2.46000000,40509348,40509348,1669428811855,False,True
30211226,6.05000000,1.65000000,40509349,40509349,1669428839814,False,True
30211227,6.04000000,1.81000000,40509350,40509350,1669428896188,False,True
30211228,6.04000000,2.95000000,40509351,40509351,1669428916576,False,True
30211229,6.04000000,8.52000000,40509352,40509352,1669428916597,True,True
30211230,6.03000000,103.95000000,40509353,40509358,1669428946237,True,True
30211231,6.03000000,80.92000000,40509359,40509360,1669428952133,True,True
30211232,6.03000000,1.83000000,40509361,40509361,1669428971886,False,True
30211233,6.02000000,88.16000000,40509362,40509364,1669428977587,True,True
30211234,6.02000000,3.99000000,40509365,40509365,1669428977630,False,True
30211235,6.02000000,35.64000000,40509366,40509366,1669428982243,False,True
30211236,6.03000000,25.45000000,40509367,40509367,1669428982243,False,True
30211237,6.03000000,37.27000000,40509368,40509369,1669428983251,False,True
30211238,6.03000000,2.18000000,40509370,40509370,1669428986363,False,True
30211239,6.03000000,21.54000000,40509371,40509371,1669428990087,False,True
30211240,6.03000000,10.00000000,40509372,40509372,1669428992283,False,True
30211241,6.03000000,15.61000000,40509373,40509373,1669428993441,False,True
30211242,6.02000000,30.00000000,40509374,40509375,1669428997998,True,True
30211243,6.04000000,49.66000000,40509376,40509377,1669429130146,False,True
30211244,6.04000000,27.28000000,40509378,40509378,1669429155887,False,True
30211245,6.04000000,36.09000000,40509379,40509379,1669429164057,True,True
30211246,6.04000000,14.74000000,40509380,40509380,1669429165174,True,True
30211247,6.05000000,183.38000000,40509381,40509381,1669429266436,False,True
30211248,6.05000000,3.78000000,40509382,40509382,1669429315822,False,True
30211249,6.03000000,6.39000000,40509383,40509383,1669429316903,True,True
30211250,6.03000000,10.00000000,40509384,40509384,1669429354184,True,True
30211251,6.04000000,16.59000000,40509385,40509386,1669429361812,False,True
30211252,6.03000000,14.64000000,40509387,40509388,1669429408305,True,True
30211253,6.03000000,2.38000000,40509389,40509389,1669429421804,True,True
30211254,6.03000000,54.75000000,40509390,40509391,1669429438676,True,True
30211255,6.02000000,3.30000000,40509392,40509392,1669429455481,True,True
30211256,6.04000000,2.66000000,40509393,40509393,1669429524264,False,True
30211257,6.04000000,157.34000000,40509394,40509398,1669429524384,False,True
30211258,6.05000000,253.77000000,40509399,40509399,1669429524384,False,True
30211259,6.04000000,10.00000000,40509400,40509400,1669429540498,False,True
30211260,6.04000000,5.96000000,40509401,40509401,1669429555765,False,True
30211261,6.04000000,62.29000000,40509402,40509402,1669429555773,True,True
30211262,6.04000000,51.19000000,40509403,40509403,1669429572234,False,True
30211263,6.04000000,76.79000000,40509404,40509405,1669429576933,False,True
30211264,6.04000000,24.69000000,40509406,40509407,1669429581261,False,True
30211265,6.04000000,3.09000000,40509408,40509408,1669429581272,True,True
30211266,6.04000000,4.94000000,40509409,40509409,1669429581288,True,True
30211267,6.05000000,82.99000000,40509410,40509410,1669429650394,False,True
30211268,6.05000000,16.52000000,40509411,40509411,1669429661294,False,True
30211269,6.05000000,34.07000000,40509412,40509412,1669429707818,False,True
30211270,6.05000000,25.56000000,40509413,40509413,1669429711412,False,True
30211271,6.05000000,44.01000000,40509414,40509414,1669429713228,False,True
30211272,6.05000000,19.17000000,40509415,40509415,1669429714820,False,True
30211273,6.05000000,14.37000000,40509416,40509416,1669429725901,False,True
30211274,6.05000000,10.78000000,40509417,40509417,1669429727763,False,True
30211275,6.05000000,32.36000000,40509418,40509418,1669429730379,False,True
30211276,6.04000000,2.66000000,40509419,40509420,1669429776383,True,True
30211277,6.05000000,107.78000000,40509421,40509422,1669429776454,False,True
30211278,6.05000000,73.83000000,40509423,40509425,1669429851422,False,True
30211279,6.05000000,92.14000000,40509426,40509428,1669429884868,False,True
30211280,6.05000000,81.00000000,40509429,40509432,1669430026600,False,True
30211281,6.05000000,114.30000000,40509433,40509434,1669430100509,False,True
30211282,6.05000000,18.44000000,40509435,40509435,1669430145179,False,True
30211283,6.05000000,58.49000000,40509436,40509436,1669430163408,False,True
30211284,6.04000000,1.77000000,40509437,40509438,1669430163479,True,True
30211285,6.04000000,18.45000000,40509439,40509439,1669430174624,True,True
30211286,6.05000000,43.86000000,40509440,40509440,1669430182218,False,True
30211287,6.05000000,10.09000000,40509441,40509441,1669430187877,False,True
30211288,6.04000000,7.67000000,40509442,40509442,1669430218622,True,True
30211289,6.03000000,154.55000000,40509443,40509448,1669430218622,True,True
30211290,6.02000000,592.20000000,40509449,40509461,1669430218622,True,True
30211291,6.01000000,169.42000000,40509462,40509464,1669430218622,True,True
30211292,6.02000000,7.59000000,40509465,40509465,1669430218641,True,True
30211293,6.02000000,14.74000000,40509466,40509466,1669430218766,False,True
30211294,6.02000000,33.00000000,40509467,40509467,1669430218881,False,True
30211295,6.02000000,9.47000000,40509468,40509468,1669430218900,False,True
30211296,6.02000000,23.53000000,40509469,40509469,1669430218911,False,True
30211297,6.02000000,9.47000000,40509470,40509470,1669430218925,False,True
30211298,6.01000000,779.02000000,40509471,40509477,1669430227951,True,True
30211299,6.00000000,808.27000000,40509478,40509491,1669430227951,True,True
30211300,5.99000000,58.47000000,40509492,40509494,1669430227951,True,True
30211301,5.98000000,125.39000000,40509495,40509506,1669430227951,True,True
30211302,5.97000000,1000.17000000,40509507,40509511,1669430227951,True,True
30211303,5.96000000,0.23000000,40509512,40509512,1669430227951,True,True
30211304,6.00000000,37.92000000,40509513,40509513,1669430228109,False,True
30211305,6.00000000,22.00000000,40509514,40509514,1669430228371,True,True
30211306,5.99000000,21.63000000,40509515,40509515,1669430228371,True,True
30211307,6.01000000,46.83000000,40509516,40509516,1669430231932,False,True
30211308,6.02000000,85.44000000,40509517,40509520,1669430231932,False,True
30211309,6.02000000,79.49000000,40509521,40509523,1669430232423,False,True
30211310,6.01000000,7.06000000,40509524,40509524,1669430245104,True,True
30211311,6.02000000,8.30000000,40509525,40509525,1669430246243,False,True
30211312,6.03000000,1.74000000,40509526,40509526,1669430246266,False,True
30211313,6.03000000,1.74000000,40509527,40509527,1669430246269,False,True
30211314,6.02000000,2.71000000,40509528,40509528,1669430253137,False,True
30211315,6.03000000,2.88000000,40509529,40509529,1669430254762,False,True
30211316,6.03000000,1.99000000,40509530,40509530,1669430342618,False,True
30211317,6.01000000,6.72000000,40509531,40509531,1669430347367,True,True
30211318,6.01000000,20.01000000,40509532,40509532,1669430366335,True,True
30211319,6.01000000,2.27000000,40509533,40509533,1669430373381,True,True
30211320,6.02000000,16.36000000,40509534,40509535,1669430379030,False,True
30211321,6.02000000,3.15000000,40509536,40509536,1669430379549,False,True
30211322,6.02000000,2.99000000,40509537,40509537,1669430380591,False,True
30211323,6.02000000,2.73000000,40509538,40509538,1669430383614,False,True
30211324,6.01000000,14.93000000,40509539,40509539,1669430458614,True,True
30211325,6.02000000,2.64000000,40509540,40509540,1669430512778,False,True
30211326,6.01000000,21.82000000,40509541,40509542,1669430561323,True,True
30211327,6.02000000,3.32000000,40509543,40509543,1669430614486,False,True
30211328,6.01000000,16.66000000,40509544,40509544,1669430639314,True,True
30211329,6.02000000,30.00000000,40509545,40509546,1669430672883,False,True
30211330,6.02000000,8.30000000,40509547,40509547,1669430726204,False,True
30211331,6.01000000,6.64000000,40509548,40509548,1669430741738,True,True
30211332,6.01000000,93.53000000,40509549,40509554,1669430851421,True,True
30211333,6.01000000,31.33000000,40509555,40509556,1669430869314,True,True
30211334,6.00000000,63.38000000,40509557,40509559,1669430869314,True,True
30211335,6.01000000,3.00000000,40509560,40509560,1669430886288,False,True
30211336,6.01000000,4.38000000,40509561,40509561,1669430895886,True,True
30211337,6.01000000,24.76000000,40509562,40509562,1669430899856,True,True
30211338,6.02000000,5.61000000,40509563,40509564,1669430950392,False,True
30211339,6.01000000,5.13000000,40509565,40509565,1669430963938,True,True
30211340,6.02000000,182.76000000,40509566,40509574,1669430979583,False,True
30211341,6.03000000,234.57000000,40509575,40509581,1669430979583,False,True
30211342,6.04000000,380.92000000,40509582,40509587,1669430979583,False,True
30211343,6.05000000,51.70000000,40509588,40509590,1669430979583,False,True
30211344,6.03000000,8.40000000,40509591,40509591,1669430979618,True,True
30211345,6.04000000,120.86000000,40509592,40509594,1669431007823,False,True
30211346,6.04000000,99.14000000,40509595,40509595,1669431007828,True,True
30211347,6.04000000,80.37000000,40509596,40509597,1669431073654,True,True
30211348,6.03000000,29.31000000,40509598,40509598,1669431073675,True,True
30211349,6.03000000,1.68000000,40509599,40509599,1669431117007,False,True
30211350,6.03000000,33.00000000,40509600,40509600,1669431140251,False,True
30211351,6.03000000,3.40000000,40509601,40509601,1669431140293,False,True
30211352,6.03000000,5.02000000,40509602,40509602,1669431219419,False,True
30211353,6.02000000,10.10000000,40509603,40509603,1669431238206,True,True
30211354,6.03000000,1.05000000,40509604,40509604,1669431270226,False,True
30211355,6.04000000,0.69000000,40509605,40509605,1669431270226,False,True
30211356,6.03000000,35.88000000,40509606,40509606,1669431373101,True,True
30211357,6.03000000,33.16000000,40509607,40509607,1669431425375,False,True
30211358,6.02000000,4.63000000,40509608,40509609,1669431529775,True,True
30211359,6.02000000,4.61000000,40509610,40509610,1669431615693,True,True
30211360,6.02000000,67.71000000,40509611,40509612,1669431618774,True,True
30211361,6.01000000,416.38000000,40509613,40509619,1669431618774,True,True
30211362,6.00000000,205.76000000,40509620,40509624,1669431618774,True,True
30211363,6.00000000,20.99000000,40509625,40509625,1669431618778,False,True
30211364,6.00000000,0.16000000,40509626,40509626,1669431618779,False,True
30211365,6.02000000,21.93000000,40509627,40509627,1669431618801,False,True
30211366,6.02000000,13.81000000,40509628,40509628,1669431644219,False,True
30211367,6.02000000,30.74000000,40509629,40509630,1669431644227,False,True
30211368,6.02000000,212.00000000,40509631,40509633,1669431661850,True,True
30211369,6.02000000,16.61000000,40509634,40509635,1669431661975,True,True
30211370,6.02000000,5.09000000,40509636,40509636,1669431661977,True,True
30211371,6.02000000,24.66000000,40509637,40509637,1669431661999,False,True
30211372,6.02000000,21.93000000,40509638,40509638,1669431662005,False,True
30211373,6.01000000,24.66000000,40509639,40509639,1669431662035,False,True
30211374,6.03000000,5.00000000,40509640,40509640,1669431688751,False,True
30211375,6.03000000,16.26000000,40509641,40509641,1669431706914,False,True
30211376,6.02000000,13.77000000,40509642,40509642,1669431743402,False,True
30211377,6.02000000,21.93000000,40509643,40509643,1669431743415,False,True
30211378,6.02000000,21.93000000,40509644,40509644,1669431743438,False,True
30211379,6.02000000,21.93000000,40509645,40509645,1669431743462,False,True
30211380,6.02000000,5.26000000,40509646,40509646,1669431743478,False,True
30211381,6.02000000,27.18000000,40509647,40509647,1669431743481,False,True
30211382,6.01000000,52.87000000,40509648,40509649,1669431753160,True,True
30211383,6.02000000,95.65000000,40509650,40509650,1669431784351,False,True
30211384,6.03000000,88.96000000,40509651,40509651,1669431784351,False,True
30211385,6.03000000,116.83000000,40509652,40509652,1669431784363,False,True
30211386,6.03000000,1.82000000,40509653,40509653,1669431784723,False,True
30211387,6.02000000,10.11000000,40509654,40509654,1669431785348,False,True
30211388,6.03000000,174.50000000,40509655,40509658,1669431785348,False,True
30211389,6.03000000,17.49000000,40509659,40509659,1669431811433,False,True
30211390,6.03000000,2.93000000,40509660,40509660,1669431860602,False,True
30211391,6.02000000,10.71000000,40509661,40509661,1669431884831,True,True
30211392,6.02000000,104.21000000,40509662,40509663,1669431931208,True,True
30211393,6.01000000,154.19000000,40509664,40509668,1669431931208,True,True
30211394,6.00000000,428.33000000,40509669,40509677,1669431931208,True,True
30211395,6.00000000,109.52000000,40509678,40509678,1669431931213,False,True
30211396,6.00000000,91.75000000,40509679,40509679,1669431931218,False,True
30211397,6.00000000,16.63000000,40509680,40509680,1669431931229,True,True
30211398,6.01000000,9.41000000,40509681,40509681,1669431932200,False,True
30211399,6.01000000,9.41000000,40509682,40509682,1669431932355,False,True
30211400,6.01000000,31.09000000,40509683,40509683,1669431932367,False,True
30211401,6.01000000,9.41000000,40509684,40509684,1669431932420,False,True
30211402,6.02000000,5.56000000,40509685,40509685,1669431974728,False,True
30211403,6.02000000,2.50000000,40509686,40509686,1669431982405,False,True
30211404,6.02000000,1.82000000,40509687,40509687,1669432011725,False,True
30211405,6.02000000,1.82000000,40509688,40509688,1669432032319,False,True
30211406,6.02000000,18.90000000,40509689,40509689,1669432068440,False,True
30211407,6.02000000,50.55000000,40509690,40509690,1669432080819,False,True
30211408,6.02000000,18.60000000,40509691,40509694,1669432080822,False,True
30211409,6.02000000,7.27000000,40509695,40509695,1669432080828,False,True
30211410,6.02000000,13.35000000,40509696,40509696,1669432080831,False,True
30211411,6.02000000,4.79000000,40509697,40509697,1669432080860,False,True
30211412,6.03000000,30.66000000,40509698,40509699,1669432080905,False,True
30211413,6.03000000,10.44000000,40509700,40509700,1669432087599,True,True
30211414,6.03000000,2.92000000,40509701,40509701,1669432183084,True,True
30211415,6.03000000,3.00000000,40509702,40509702,1669432318166,True,True
30211416,6.03000000,51.40000000,40509703,40509703,1669432360712,True,True
30211417,6.03000000,503.82000000,40509704,40509704,1669432365721,False,True
30211418,6.03000000,7.99000000,40509705,40509705,1669432365740,False,True
30211419,6.03000000,112.65000000,40509706,40509706,1669432365747,False,True
30211420,6.03000000,7.99000000,40509707,40509707,1669432365772,False,True
30211421,6.03000000,7.99000000,40509708,40509708,1669432365802,False,True
30211422,6.03000000,51.09000000,40509709,40509709,1669432365818,False,True
30211423,6.03000000,7.99000000,40509710,40509710,1669432365825,False,True
30211424,6.03000000,7.98000000,40509711,40509711,1669432365857,False,True
30211425,6.03000000,7.98000000,40509712,40509712,1669432365882,False,True
30211426,6.03000000,7.98000000,40509713,40509713,1669432365912,False,True
30211427,6.03000000,7.98000000,40509714,40509714,1669432365947,False,True
30211428,6.03000000,225.75000000,40509715,40509716,1669432365978,False,True
30211429,6.04000000,12.41000000,40509717,40509718,1669432367137,False,True
30211430,6.04000000,33.00000000,40509719,40509719,1669432428862,False,True
30211431,6.02000000,2.30000000,40509720,40509720,1669432462610,True,True
30211432,6.02000000,1479.79000000,40509721,40509728,1669432464667,True,True
30211433,6.02000000,20.21000000,40509729,40509729,1669432464679,False,True
30211434,6.03000000,6.57000000,40509730,40509730,1669432513401,False,True
30211435,6.03000000,8.21000000,40509731,40509731,1669432514259,True,True
30211436,6.03000000,8.21000000,40509732,40509733,1669432514302,False,True
30211437,6.03000000,8.21000000,40509734,40509734,1669432514336,False,True
30211438,6.03000000,8.20000000,40509735,40509735,1669432514364,False,True
30211439,6.03000000,8.20000000,40509736,40509736,1669432514413,False,True
30211440,6.03000000,8.20000000,40509737,40509738,1669432544911,False,True
30211441,6.03000000,8.20000000,40509739,40509739,1669432544944,False,True
30211442,6.03000000,8.40000000,40509740,40509740,1669432544978,False,True
30211443,6.02000000,7.05000000,40509741,40509741,1669432560707,True,True
30211444,6.03000000,16.58000000,40509742,40509742,1669432628683,True,True
30211445,6.02000000,208.64000000,40509743,40509748,1669432628683,True,True
30211446,6.03000000,6.57000000,40509749,40509749,1669432628706,False,True
30211447,6.03000000,7.96000000,40509750,40509750,1669432628734,False,True
30211448,6.03000000,7.96000000,40509751,40509751,1669432628840,False,True
30211449,6.03000000,29.22000000,40509752,40509752,1669432628845,False,True
30211450,6.03000000,48.90000000,40509753,40509754,1669432755064,False,True
30211451,6.04000000,119.51000000,40509755,40509757,1669432755153,False,True
30211452,6.05000000,6.55000000,40509758,40509759,1669432769547,False,True
30211453,6.05000000,6.55000000,40509760,40509760,1669432769613,False,True
30211454,6.05000000,6.55000000,40509761,40509761,1669432769673,False,True
30211455,6.05000000,67.88000000,40509762,40509763,1669432769714,False,True
30211456,6.05000000,7.78000000,40509764,40509764,1669432806619,True,True
30211457,6.06000000,25.48000000,40509765,40509765,1669432863905,False,True
30211458,6.06000000,165.01000000,40509766,40509768,1669432888412,False,True
30211459,6.05000000,4.77000000,40509769,40509769,1669432893769,True,True
30211460,6.05000000,2.67000000,40509770,40509770,1669432893997,True,True
30211461,6.05000000,50.77000000,40509771,40509771,1669432943207,True,True
30211462,6.05000000,6.55000000,40509772,40509772,1669432967510,True,True
30211463,6.05000000,6.54000000,40509773,40509773,1669432973436,False,True
30211464,6.05000000,32.95000000,40509774,40509774,1669432973437,False,True
30211465,6.05000000,28.92000000,40509775,40509775,1669432974521,False,True
30211466,6.06000000,2.78000000,40509776,40509776,1669432979471,False,True
30211467,6.06000000,32.49000000,40509777,40509777,1669433008299,False,True
30211468,6.05000000,6.55000000,40509778,40509778,1669433015578,False,True
30211469,6.04000000,5.05000000,40509779,40509780,1669433022892,True,True
30211470,6.04000000,2.27000000,40509781,40509781,1669433099648,True,True
30211471,6.06000000,89.37000000,40509782,40509787,1669433105153,False,True
30211472,6.05000000,3.02000000,40509788,40509788,1669433138962,True,True
30211473,6.05000000,2.70000000,40509789,40509789,1669433141914,True,True
30211474,6.05000000,61.07000000,40509790,40509791,1669433180233,False,True
30211475,6.05000000,37.05000000,40509792,40509793,1669433182824,True,True
30211476,6.06000000,4.12000000,40509794,40509794,1669433248117,False,True
30211477,6.04000000,6.95000000,40509795,40509795,1669433264151,True,True
30211478,6.06000000,1.73000000,40509796,40509796,1669433271161,False,True
30211479,6.06000000,1.67000000,40509797,40509798,1669433274616,False,True
30211480,6.04000000,2.26000000,40509799,40509799,1669433281751,True,True
30211481,6.04000000,124.63000000,40509800,40509803,1669433404506,True,True
30211482,6.04000000,21.85000000,40509804,40509804,1669433404525,False,True
30211483,6.04000000,141.12000000,40509805,40509805,1669433404529,False,True
30211484,6.04000000,21.85000000,40509806,40509806,1669433404559,False,True
30211485,6.04000000,4.11000000,40509807,40509807,1669433404583,False,True
30211486,6.04000000,4.10000000,40509808,40509808,1669433404591,False,True
30211487,6.04000000,9.37000000,40509809,40509809,1669433404616,False,True
30211488,6.04000000,5.26000000,40509810,40509810,1669433404653,False,True
30211489,6.04000000,9.30000000,40509811,40509811,1669433404680,False,True
30211490,6.04000000,37.05000000,40509812,40509812,1669433404697,False,True
30211491,6.04000000,9.36000000,40509813,40509813,1669433408694,False,True
30211492,6.04000000,9.36000000,40509814,40509814,1669433408807,False,True
30211493,6.04000000,9.36000000,40509815,40509815,1669433408862,False,True
30211494,6.04000000,9.36000000,40509816,40509816,1669433408918,False,True
30211495,6.04000000,9.36000000,40509817,40509817,1669433408978,False,True
30211496,6.04000000,9.36000000,40509818,40509818,1669433409011,False,True
30211497,6.04000000,9.36000000,40509819,40509819,1669433409046,False,True
30211498,6.04000000,9.36000000,40509820,40509820,1669433409113,False,True
30211499,6.04000000,9.36000000,40509821,40509821,1669433409177,False,True
30211500,6.04000000,9.33000000,40509822,40509822,1669433409343,False,True
30211501,6.04000000,9.32000000,40509823,40509823,1669433409356,False,True
30211502,6.04000000,9.36000000,40509824,40509824,1669433410923,False,True
30211503,6.04000000,9.11000000,40509825,40509825,1669433410943,False,True
30211504,6.04000000,11.68000000,40509826,40509826,1669433416940,True,True
30211505,6.06000000,3.31000000,40509827,40509827,1669433435751,False,True
30211506,6.06000000,47.12000000,40509828,40509828,1669433484510,False,True
30211507,6.05000000,21.82000000,40509829,40509829,1669433515687,False,True
30211508,6.06000000,36.85000000,40509830,40509831,1669433521260,False,True
30211509,6.07000000,16.41000000,40509832,40509835,1669433541633,False,True
30211510,6.05000000,11.73000000,40509836,40509837,1669433567285,True,True
30211511,6.07000000,68.60000000,40509838,40509838,1669433606045,False,True
30211512,6.07000000,6.52000000,40509839,40509839,1669433606058,False,True
30211513,6.07000000,152.47000000,40509840,40509842,1669433636443,False,True
30211514,6.06000000,42.72000000,40509843,40509844,1669433667130,True,True
30211515,6.06000000,20.00000000,40509845,40509845,1669433668464,True,True
30211516,6.07000000,5.98000000,40509846,40509846,1669433735877,False,True
30211517,6.07000000,9.25000000,40509847,40509847,1669433740843,False,True
30211518,6.08000000,128.54000000,40509848,40509853,1669433740843,False,True
30211519,6.05000000,2.48000000,40509854,40509854,1669433794385,True,True
30211520,6.07000000,14.83000000,40509855,40509855,1669433799332,False,True
30211521,6.07000000,2.47000000,40509856,40509856,1669433800879,False,True
30211522,6.07000000,1.97000000,40509857,40509857,1669433864265,False,True
30211523,6.06000000,3.14000000,40509858,40509858,1669433954729,True,True
30211524,6.07000000,46.57000000,40509859,40509859,1669433954761,True,True
30211525,6.07000000,14.66000000,40509860,40509860,1669433956157,True,True
30211526,6.08000000,16.83000000,40509861,40509861,1669434054218,False,True
30211527,6.06000000,16.81000000,40509862,40509863,1669434115681,True,True
30211528,6.06000000,181.66000000,40509864,40509867,1669434173387,True,True
30211529,6.06000000,68.59000000,40509868,40509868,1669434173393,False,True
30211530,6.06000000,5.98000000,40509869,40509869,1669434173418,False,True
30211531,6.05000000,33.00000000,40509870,40509872,1669434173419,True,True
30211532,6.06000000,5.98000000,40509873,40509873,1669434173448,False,True
30211533,6.06000000,5.97000000,40509874,40509874,1669434173472,False,True
30211534,6.06000000,5.97000000,40509875,40509875,1669434173497,False,True
30211535,6.06000000,5.97000000,40509876,40509876,1669434173544,False,True
30211536,6.06000000,17.99000000,40509877,40509877,1669434217346,False,True
30211537,6.06000000,1.67000000,40509878,40509878,1669434258437,False,True
30211538,6.06000000,43.81000000,40509879,40509879,1669434261600,False,True
30211539,6.06000000,123.79000000,40509880,40509880,1669434281239,False,True
30211540,6.06000000,2.09000000,40509881,40509881,1669434285923,False,True
30211541,6.06000000,18.07000000,40509882,40509882,1669434294809,False,True
30211542,6.05000000,15.63000000,40509883,40509883,1669434297413,True,True
30211543,6.05000000,3.09000000,40509884,40509884,1669434316231,True,True
30211544,6.05000000,31.72000000,40509885,40509885,1669434343170,True,True
30211545,6.05000000,6.66000000,40509886,40509886,1669434368725,True,True
30211546,6.06000000,151.40000000,40509887,40509887,1669434427835,False,True
30211547,6.06000000,5.98000000,40509888,40509888,1669434437700,False,True
30211548,6.06000000,3.35000000,40509889,40509889,1669434437713,False,True
30211549,6.06000000,3.35000000,40509890,40509890,1669434437728,False,True
30211550,6.06000000,5.97000000,40509891,40509891,1669434437764,False,True
30211551,6.06000000,3.36000000,40509892,40509892,1669434437789,False,True
30211552,6.06000000,5.97000000,40509893,40509893,1669434437822,False,True
30211553,6.06000000,8.96000000,40509894,40509894,1669434496063,False,True
30211554,6.06000000,5.98000000,40509895,40509895,1669434496112,False,True
30211555,6.06000000,3.35000000,40509896,40509896,1669434496126,False,True
30211556,6.06000000,9.33000000,40509897,40509897,1669434496185,False,True
30211557,6.06000000,3.35000000,40509898,40509898,1669434496200,False,True
30211558,6.06000000,5.97000000,40509899,40509899,1669434496236,False,True
30211559,6.05000000,12.25000000,40509900,40509900,1669434503066,True,True
30211560,6.06000000,106.57000000,40509901,40509901,1669434525334,False,True
30211561,6.05000000,36.76000000,40509902,40509903,1669434552079,True,True
30211562,6.06000000,860.57000000,40509904,40509906,1669434565798,False,True
30211563,6.07000000,1.68000000,40509907,40509907,1669434565823,False,True
30211564,6.08000000,37.87000000,40509908,40509909,1669434565836,False,True
30211565,6.07000000,162.42000000,40509910,40509911,1669434565890,True,True
30211566,6.08000000,144.21000000,40509912,40509914,1669434573624,False,True
30211567,6.08000000,17.32000000,40509915,40509915,1669434573634,True,True
30211568,6.08000000,2.94000000,40509916,40509916,1669434576852,True,True
30211569,6.08000000,3.48000000,40509917,40509917,1669434647081,False,True
30211570,6.07000000,121.64000000,40509918,40509928,1669434712858,True,True
30211571,6.06000000,3.03000000,40509929,40509929,1669434712858,True,True
30211572,6.08000000,164.47000000,40509930,40509933,1669434732850,False,True
30211573,6.08000000,10.08000000,40509934,40509934,1669434765385,True,True
30211574,6.09000000,16.85000000,40509935,40509937,1669434771373,False,True
30211575,6.08000000,1.80000000,40509938,40509938,1669434773844,True,True
30211576,6.08000000,0.69000000,40509939,40509939,1669434778384,True,True
30211577,6.07000000,2.55000000,40509940,40509940,1669434778384,True,True
30211578,6.07000000,2.92000000,40509941,40509941,1669434793964,True,True
30211579,6.07000000,5.66000000,40509942,40509942,1669434810618,True,True
30211580,6.09000000,229.82000000,40509943,40509944,1669434822051,False,True
30211581,6.09000000,161.78000000,40509945,40509950,1669434822061,False,True
30211582,6.10000000,198.27000000,40509951,40509956,1669434822112,False,True
30211583,6.10000000,2.12000000,40509957,40509957,1669434831747,True,True
30211584,6.10000000,8.59000000,40509958,40509958,1669434832665,True,True
30211585,6.11000000,13.70000000,40509959,40509959,1669434838485,False,True
30211586,6.11000000,139.32000000,40509960,40509963,1669434846287,False,True
30211587,6.11000000,21.04000000,40509964,40509964,1669434846299,False,True
30211588,6.11000000,19.89000000,40509965,40509965,1669434846362,False,True
30211589,6.11000000,119.43000000,40509966,40509967,1669434846465,False,True
30211590,6.11000000,1.73000000,40509968,40509968,1669434846684,True,True
30211591,6.12000000,101.24000000,40509969,40509971,1669434853463,False,True
30211592,6.12000000,8.60000000,40509972,40509972,1669434853506,False,True
30211593,6.12000000,12.75000000,40509973,40509973,1669434853645,False,True
30211594,6.12000000,94.82000000,40509974,40509976,1669434853985,False,True
30211595,6.12000000,2.60000000,40509977,40509977,1669434854048,False,True
30211596,6.12000000,3.82000000,40509978,40509978,1669434854155,False,True
30211597,6.12000000,3.82000000,40509979,40509979,1669434854190,False,True
30211598,6.12000000,3.82000000,40509980,40509980,1669434854273,False,True
30211599,6.12000000,16.83000000,40509981,40509981,1669434854301,False,True
30211600,6.12000000,3.82000000,40509982,40509982,1669434854355,False,True
30211601,6.11000000,2.17000000,40509983,40509983,1669434860665,True,True
30211602,6.11000000,1.81000000,40509984,40509984,1669434861676,True,True
30211603,6.11000000,8.29000000,40509985,40509985,1669434861687,True,True
30211604,6.11000000,13.42000000,40509986,40509986,1669434861688,True,True
30211605,6.11000000,1.75000000,40509987,40509987,1669434861696,True,True
30211606,6.11000000,9.92000000,40509988,40509988,1669434861697,True,True
30211607,6.11000000,12.41000000,40509989,40509989,1669434861916,True,True
30211608,6.12000000,1.71000000,40509990,40509990,1669434862676,False,True
30211609,6.12000000,8.18000000,40509991,40509991,1669434866815,False,True
30211610,6.11000000,2.98000000,40509992,40509993,1669434873139,True,True
30211611,6.11000000,1.91000000,40509994,40509994,1669434873802,True,True
30211612,6.11000000,3.21000000,40509995,40509995,1669434874477,True,True
30211613,6.11000000,3.00000000,40509996,40509996,1669434875161,True,True
30211614,6.11000000,2.27000000,40509997,40509997,1669434875809,True,True
30211615,6.11000000,3.19000000,40509998,40509998,1669434876445,True,True
30211616,6.11000000,2.59000000,40509999,40509999,1669434877775,True,True
30211617,6.11000000,2.27000000,40510000,40510000,1669434878467,True,True
30211618,6.11000000,2.82000000,40510001,40510001,1669434881092,True,True
30211619,6.11000000,2.72000000,40510002,40510002,1669434885125,True,True
30211620,6.11000000,109.93000000,40510003,40510004,1669434891299,True,True
30211621,6.12000000,2.76000000,40510005,40510005,1669434924821,False,True
30211622,6.12000000,123.60000000,40510006,40510007,1669434938362,False,True
30211623,6.12000000,0.01000000,40510008,40510008,1669434938362,False,True
30211624,6.12000000,2.87000000,40510009,40510009,1669434946553,True,True
30211625,6.12000000,24.36000000,40510010,40510010,1669434953796,False,True
30211626,6.11000000,21.24000000,40510011,40510011,1669434954874,True,True
30211627,6.12000000,100.08000000,40510012,40510012,1669434971688,False,True
30211628,6.11000000,15.93000000,40510013,40510013,1669434976795,True,True
30211629,6.11000000,2.99000000,40510014,40510014,1669434987932,True,True
30211630,6.11000000,2.25000000,40510015,40510015,1669434988894,True,True
30211631,6.11000000,139.68000000,40510016,40510016,1669434989887,True,True
30211632,6.10000000,241.14000000,40510017,40510017,1669434989887,True,True
30211633,6.11000000,68.63000000,40510018,40510019,1669434990935,False,True
30211634,6.11000000,5.65000000,40510020,40510020,1669434990951,False,True
30211635,6.10000000,2.25000000,40510021,40510021,1669434991207,True,True
30211636,6.10000000,1.65000000,40510022,40510022,1669434991615,True,True
30211637,6.11000000,22.88000000,40510023,40510023,1669434991634,False,True
30211638,6.10000000,1.73000000,40510024,40510024,1669434991827,True,True
30211639,6.10000000,2.47000000,40510025,40510025,1669434991830,True,True
30211640,6.10000000,2.47000000,40510026,40510026,1669434991835,True,True
30211641,6.10000000,3.39000000,40510027,40510027,1669434991847,True,True
30211642,6.10000000,1.73000000,40510028,40510028,1669434991859,True,True
30211643,6.12000000,4.90000000,40510029,40510029,1669434992830,False,True
30211644,6.12000000,1.71000000,40510030,40510030,1669434992855,False,True
30211645,6.12000000,2.45000000,40510031,40510031,1669434992862,False,True
30211646,6.12000000,89.81000000,40510032,40510032,1669435008804,False,True
30211647,6.13000000,264.20000000,40510033,40510043,1669435008804,False,True
30211648,6.14000000,745.82000000,40510044,40510048,1669435008804,False,True
30211649,6.15000000,337.01000000,40510049,40510058,1669435008804,False,True
30211650,6.16000000,190.95000000,40510059,40510062,1669435008804,False,True
30211651,6.14000000,37.88000000,40510063,40510063,1669435008870,True,True
30211652,6.14000000,33.26000000,40510064,40510064,1669435009168,True,True
30211653,6.14000000,4.83000000,40510065,40510066,1669435009350,False,True
30211654,6.14000000,11.70000000,40510067,40510067,1669435009361,False,True
30211655,6.14000000,2.64000000,40510068,40510068,1669435009884,True,True
30211656,6.15000000,1.70000000,40510069,40510069,1669435010827,False,True
30211657,6.15000000,4.88000000,40510070,40510070,1669435012815,False,True
30211658,6.14000000,1.72000000,40510071,40510071,1669435013832,True,True
30211659,6.14000000,0.47000000,40510072,40510072,1669435013844,True,True
30211660,6.13000000,7.77000000,40510073,40510073,1669435013844,True,True
30211661,6.13000000,1.73000000,40510074,40510074,1669435013850,True,True
30211662,6.13000000,3.35000000,40510075,40510075,1669435013854,True,True
30211663,6.13000000,2.46000000,40510076,40510076,1669435013864,True,True
30211664,6.13000000,1.96000000,40510077,40510077,1669435014100,True,True
30211665,6.15000000,1.70000000,40510078,40510078,1669435014847,False,True
30211666,6.13000000,3.29000000,40510079,40510079,1669435014848,True,True
30211667,6.13000000,3.36000000,40510080,40510080,1669435014850,True,True
30211668,6.13000000,3.29000000,40510081,40510081,1669435014859,True,True
30211669,6.13000000,18.25000000,40510082,40510082,1669435014971,True,True
30211670,6.13000000,73.28000000,40510083,40510086,1669435015291,True,True
30211671,6.15000000,1.70000000,40510087,40510087,1669435015722,False,True
30211672,6.15000000,3.25000000,40510088,40510088,1669435015833,False,True
30211673,6.13000000,3.24000000,40510089,40510089,1669435018853,True,True
30211674,6.13000000,2.63000000,40510090,40510090,1669435019656,True,True
30211675,6.15000000,8.13000000,40510091,40510091,1669435019878,False,True
30211676,6.13000000,2.41000000,40510092,40510092,1669435020960,True,True
30211677,6.15000000,42.05000000,40510093,40510094,1669435025301,False,True
30211678,6.13000000,108.59000000,40510095,40510097,1669435027106,True,True
30211679,6.12000000,3.74000000,40510098,40510099,1669435028882,True,True
30211680,6.13000000,4.82000000,40510100,40510100,1669435029117,False,True
30211681,6.13000000,368.21000000,40510101,40510101,1669435029120,False,True
30211682,6.13000000,5.61000000,40510102,40510102,1669435029144,False,True
30211683,6.13000000,4.82000000,40510103,40510103,1669435029175,False,True
30211684,6.12000000,2.07000000,40510104,40510104,1669435029353,True,True
30211685,6.11000000,6.20000000,40510105,40510105,1669435029353,True,True
30211686,6.13000000,12.23000000,40510106,40510106,1669435030113,False,True
30211687,6.13000000,4.89000000,40510107,40510107,1669435032100,False,True
30211688,6.12000000,16.51000000,40510108,40510108,1669435033701,True,True
30211689,6.12000000,58.70000000,40510109,40510109,1669435034267,False,True
30211690,6.12000000,47.81000000,40510110,40510110,1669435035420,False,True
30211691,6.12000000,1.64000000,40510111,40510111,1669435035481,True,True
30211692,6.13000000,11.50000000,40510112,40510112,1669435042159,False,True
30211693,6.11000000,2.39000000,40510113,40510113,1669435048355,True,True
30211694,6.13000000,1.64000000,40510114,40510114,1669435051489,False,True
30211695,6.11000000,2.00000000,40510115,40510115,1669435051739,True,True
30211696,6.12000000,4.68000000,40510116,40510116,1669435069012,False,True
30211697,6.12000000,4.68000000,40510117,40510117,1669435097717,False,True
30211698,6.12000000,8.17000000,40510118,40510118,1669435102830,False,True
30211699,6.12000000,4.68000000,40510119,40510119,1669435102881,False,True
30211700,6.12000000,8.48000000,40510120,40510121,1669435102905,False,True
30211701,6.12000000,4.67000000,40510122,40510122,1669435102911,False,True
30211702,6.13000000,156.97000000,40510123,40510123,1669435104117,False,True
30211703,6.12000000,8.15000000,40510124,40510124,1669435117168,False,True
30211704,6.12000000,22.21000000,40510125,40510125,1669435118073,False,True
30211705,6.12000000,4.67000000,40510126,40510126,1669435118087,False,True
30211706,6.12000000,26.42000000,40510127,40510127,1669435118106,False,True
30211707,6.12000000,4.67000000,40510128,40510128,1669435118117,False,True
30211708,6.12000000,4.67000000,40510129,40510129,1669435118144,False,True
30211709,6.12000000,14.43000000,40510130,40510130,1669435121401,False,True
30211710,6.13000000,1.90000000,40510131,40510131,1669435121401,False,True
30211711,6.11000000,134.31000000,40510132,40510134,1669435123769,True,True
30211712,6.11000000,4.67000000,40510135,40510135,1669435134910,True,True
30211713,6.12000000,9.07000000,40510136,40510136,1669435136276,False,True
30211714,6.12000000,4.67000000,40510137,40510137,1669435136299,True,True
30211715,6.11000000,2.13000000,40510138,40510138,1669435136299,True,True
30211716,6.12000000,38.88000000,40510139,40510139,1669435158827,False,True
30211717,6.12000000,66.09000000,40510140,40510140,1669435158867,False,True
30211718,6.12000000,2.05000000,40510141,40510141,1669435187624,True,True
30211719,6.13000000,48.09000000,40510142,40510142,1669435194051,False,True
30211720,6.12000000,4.61000000,40510143,40510143,1669435216051,True,True
30211721,6.13000000,3.19000000,40510144,40510144,1669435218096,False,True
30211722,6.13000000,9.10000000,40510145,40510145,1669435249834,False,True
30211723,6.12000000,2.46000000,40510146,40510146,1669435254744,True,True
30211724,6.12000000,34.18000000,40510147,40510147,1669435256480,True,True
30211725,6.12000000,2.47000000,40510148,40510148,1669435263982,True,True
30211726,6.12000000,18.86000000,40510149,40510149,1669435272072,False,True
30211727,6.12000000,4.71000000,40510150,40510150,1669435289298,True,True
30211728,6.12000000,4.00000000,40510151,40510151,1669435302171,True,True
30211729,6.12000000,11.94000000,40510152,40510152,1669435314693,True,True
30211730,6.12000000,11.93000000,40510153,40510153,1669435317113,False,True
30211731,6.12000000,4.68000000,40510154,40510154,1669435326109,False,True
30211732,6.12000000,100.00000000,40510155,40510155,1669435374517,False,True
30211733,6.12000000,2.14000000,40510156,40510156,1669435394662,False,True
30211734,6.11000000,80.92000000,40510157,40510158,1669435425506,True,True
30211735,6.10000000,16.85000000,40510159,40510160,1669435432560,True,True
30211736,6.10000000,57.72000000,40510161,40510161,1669435455507,True,True
30211737,6.12000000,77.05000000,40510162,40510164,1669435480474,False,True
30211738,6.13000000,3.34000000,40510165,40510165,1669435481297,False,True
30211739,6.11000000,142.79000000,40510166,40510170,1669435510920,True,True
30211740,6.11000000,4.65000000,40510171,40510171,1669435510946,False,True
30211741,6.11000000,115.60000000,40510172,40510172,1669435510953,False,True
30211742,6.11000000,68.22000000,40510173,40510173,1669435511185,False,True
30211743,6.10000000,47.94000000,40510174,40510176,1669435516225,True,True
30211744,6.11000000,8.15000000,40510177,40510177,1669435518928,False,True
30211745,6.11000000,2.95000000,40510178,40510178,1669435525241,False,True
30211746,6.11000000,127.03000000,40510179,40510181,1669435525585,True,True
30211747,6.11000000,33.00000000,40510182,40510182,1669435525602,True,True
30211748,6.11000000,31.25000000,40510183,40510183,1669435563235,True,True
30211749,6.11000000,4.38000000,40510184,40510184,1669435563268,False,True
30211750,6.10000000,15.97000000,40510185,40510185,1669435567371,True,True
30211751,6.12000000,3.20000000,40510186,40510187,1669435572543,False,True
30211752,6.12000000,16.33000000,40510188,40510188,1669435580256,False,True
30211753,6.11000000,60.81000000,40510189,40510189,1669435639288,False,True
30211754,6.12000000,133.55000000,40510190,40510194,1669435649462,False,True
30211755,6.12000000,100.90000000,40510195,40510195,1669435698406,True,True
30211756,6.12000000,2.93000000,40510196,40510196,1669435845262,True,True
30211757,6.13000000,6.23000000,40510197,40510197,1669435892494,False,True
30211758,6.13000000,125.72000000,40510198,40510199,1669435922405,False,True
30211759,6.12000000,23.11000000,40510200,40510200,1669435938132,True,True
30211760,6.12000000,48.87000000,40510201,40510201,1669435963791,True,True
30211761,6.13000000,6.76000000,40510202,40510202,1669436010580,False,True
30211762,6.13000000,117.84000000,40510203,40510203,1669436017319,False,True
30211763,6.12000000,20.00000000,40510204,40510204,1669436035373,True,True
30211764,6.12000000,2.52000000,40510205,40510205,1669436038555,True,True
30211765,6.12000000,143.74000000,40510206,40510206,1669436050883,True,True
30211766,6.13000000,50.36000000,40510207,40510208,1669436051585,False,True
30211767,6.12000000,61.05000000,40510209,40510209,1669436066293,True,True
30211768,6.13000000,10.00000000,40510210,40510211,1669436208498,False,True
30211769,6.13000000,14.18000000,40510212,40510212,1669436225834,False,True
30211770,6.13000000,12.70000000,40510213,40510213,1669436254460,False,True
30211771,6.12000000,3.19000000,40510214,40510214,1669436318970,True,True
30211772,6.13000000,14.35000000,40510215,40510215,1669436336601,False,True
30211773,6.13000000,4.42000000,40510216,40510216,1669436336611,True,True
30211774,6.13000000,16.14000000,40510217,40510218,1669436336692,True,True
30211775,6.14000000,3.06000000,40510219,40510219,1669436343190,False,True
30211776,6.14000000,6.45000000,40510220,40510220,1669436352698,False,True
30211777,6.14000000,6.45000000,40510221,40510221,1669436355278,False,True
30211778,6.14000000,6.45000000,40510222,40510222,1669436355302,False,True
30211779,6.14000000,217.25000000,40510223,40510225,1669436355314,False,True
30211780,6.14000000,4.25000000,40510226,40510226,1669436355325,False,True
30211781,6.14000000,6.32000000,40510227,40510227,1669436355812,True,True
30211782,6.14000000,0.13000000,40510228,40510228,1669436358346,True,True
30211783,6.13000000,10.39000000,40510229,40510229,1669436358346,True,True
30211784,6.15000000,11.79000000,40510230,40510231,1669436365009,False,True
30211785,6.14000000,2.01000000,40510232,40510232,1669436373350,False,True
30211786,6.13000000,16.33000000,40510233,40510233,1669436377399,True,True
30211787,6.13000000,1.93000000,40510234,40510235,1669436393442,True,True
30211788,6.12000000,2.88000000,40510236,40510236,1669436415516,True,True
30211789,6.13000000,7.10000000,40510237,40510237,1669436422529,False,True
30211790,6.13000000,6.51000000,40510238,40510238,1669436475715,False,True
30211791,6.15000000,16.26000000,40510239,40510239,1669436480269,False,True
30211792,6.15000000,42.28000000,40510240,40510240,1669436534858,False,True
30211793,6.13000000,8.21000000,40510241,40510241,1669436583127,True,True
30211794,6.13000000,1.99000000,40510242,40510242,1669436588830,True,True
30211795,6.13000000,8.26000000,40510243,40510243,1669436690191,True,True
30211796,6.13000000,26.27000000,40510244,40510244,1669436726455,True,True
30211797,6.12000000,16.33000000,40510245,40510245,1669436726461,True,True
30211798,6.12000000,16.32000000,40510246,40510246,1669436726461,True,True
30211799,6.12000000,1.67000000,40510247,40510247,1669436728006,True,True
30211800,6.12000000,2.61000000,40510248,40510248,1669436837390,True,True
30211801,6.13000000,50.85000000,40510249,40510250,1669436858500,False,True
30211802,6.13000000,19.37000000,40510251,40510252,1669436860747,True,True
30211803,6.13000000,3.00000000,40510253,40510253,1669436877318,True,True
30211804,6.14000000,8.25000000,40510254,40510255,1669436891922,False,True
30211805,6.13000000,54.06000000,40510256,40510257,1669436958345,True,True
30211806,6.13000000,24.77000000,40510258,40510258,1669436964483,False,True
30211807,6.14000000,67.49000000,40510259,40510261,1669436970682,False,True
30211808,6.14000000,9.78000000,40510262,40510262,1669436978448,True,True
30211809,6.14000000,5.80000000,40510263,40510263,1669437016306,True,True
30211810,6.14000000,28.44000000,40510264,40510264,1669437020108,True,True
30211811,6.15000000,23.02000000,40510265,40510265,1669437035048,False,True
30211812,6.15000000,7.60000000,40510266,40510266,1669437039988,False,True
30211813,6.15000000,289.83000000,40510267,40510271,1669437040021,False,True
30211814,6.15000000,121.19000000,40510272,40510272,1669437040028,True,True
30211815,6.16000000,23.78000000,40510273,40510275,1669437040033,False,True
30211816,6.16000000,66.00000000,40510276,40510277,1669437040035,False,True
30211817,6.15000000,2.13000000,40510278,40510278,1669437040036,True,True
30211818,6.16000000,66.00000000,40510279,40510281,1669437040038,False,True
30211819,6.16000000,18.83000000,40510282,40510282,1669437040047,False,True
30211820,6.15000000,2.37000000,40510283,40510283,1669437052164,True,True
30211821,6.15000000,173.91000000,40510284,40510286,1669437052662,True,True
30211822,6.16000000,173.91000000,40510287,40510287,1669437055411,False,True
30211823,6.15000000,2.06000000,40510288,40510288,1669437056371,True,True
30211824,6.15000000,3.29000000,40510289,40510289,1669437057035,True,True
30211825,6.15000000,147.84000000,40510290,40510290,1669437058358,True,True
30211826,6.17000000,209.36000000,40510291,40510296,1669437064284,False,True
30211827,6.17000000,92.26000000,40510297,40510297,1669437064294,True,True
30211828,6.17000000,110.71000000,40510298,40510298,1669437064295,True,True
30211829,6.17000000,4.34000000,40510299,40510299,1669437064298,True,True
30211830,6.17000000,82.97000000,40510300,40510300,1669437064316,True,True
30211831,6.17000000,45.09000000,40510301,40510301,1669437064353,True,True
30211832,6.17000000,8.32000000,40510302,40510302,1669437084862,True,True
30211833,6.17000000,454.94000000,40510303,40510304,1669437091756,False,True
30211834,6.18000000,450.33000000,40510305,40510314,1669437091756,False,True
30211835,6.18000000,82.55000000,40510315,40510315,1669437091765,True,True
30211836,6.18000000,59.21000000,40510316,40510316,1669437091767,True,True
30211837,6.19000000,90.16000000,40510317,40510320,1669437091769,False,True
30211838,6.19000000,66.00000000,40510321,40510323,1669437091799,False,True
30211839,6.19000000,200.00000000,40510324,40510325,1669437091800,False,True
30211840,6.19000000,50.00000000,40510326,40510327,1669437091804,False,True
30211841,6.19000000,20.19000000,40510328,40510328,1669437092183,False,True
30211842,6.18000000,2.95000000,40510329,40510329,1669437095293,True,True
30211843,6.18000000,2.64000000,40510330,40510330,1669437095961,True,True
30211844,6.18000000,2.76000000,40510331,40510331,1669437097014,True,True
30211845,6.18000000,3.00000000,40510332,40510332,1669437100064,True,True
30211846,6.18000000,3.12000000,40510333,40510333,1669437101405,True,True
30211847,6.18000000,3.32000000,40510334,40510334,1669437101538,True,True
30211848,6.18000000,3.19000000,40510335,40510335,1669437101874,True,True
30211849,6.18000000,2.09000000,40510336,40510336,1669437102056,True,True
30211850,6.18000000,16.22000000,40510337,40510337,1669437106890,True,True
30211851,6.19000000,93.92000000,40510338,40510340,1669437112806,False,True
30211852,6.20000000,399.26000000,40510341,40510352,1669437112806,False,True
30211853,6.20000000,89.97000000,40510353,40510353,1669437112815,True,True
30211854,6.21000000,16.22000000,40510354,40510356,1669437112824,False,True
30211855,6.20000000,81.06000000,40510357,40510357,1669437115330,True,True
30211856,6.20000000,3.10000000,40510358,40510358,1669437116883,True,True
30211857,6.20000000,4.29000000,40510359,40510359,1669437116895,True,True
30211858,6.20000000,2.21000000,40510360,40510360,1669437116896,True,True
30211859,6.20000000,11.30000000,40510361,40510361,1669437116902,True,True
30211860,6.20000000,2.88000000,40510362,40510362,1669437116914,True,True
30211861,6.20000000,2.66000000,40510363,40510363,1669437116916,True,True
30211862,6.20000000,1.71000000,40510364,40510364,1669437117884,True,True
30211863,6.20000000,1.72000000,40510365,40510365,1669437117900,True,True
30211864,6.20000000,1.70000000,40510366,40510366,1669437117909,True,True
30211865,6.21000000,1.69000000,40510367,40510367,1669437118905,False,True
30211866,6.19000000,86.21000000,40510368,40510370,1669437133273,True,True
30211867,6.20000000,16.12000000,40510371,40510371,1669437133291,True,True
30211868,6.20000000,38.28000000,40510372,40510372,1669437133296,True,True
30211869,6.17000000,32.41000000,40510373,40510373,1669437133331,True,True
30211870,6.16000000,5.87000000,40510374,40510374,1669437133331,True,True
30211871,6.17000000,1.71000000,40510375,40510375,1669437133894,True,True
30211872,6.17000000,2.42000000,40510376,40510376,1669437133913,True,True
30211873,6.17000000,3.40000000,40510377,40510377,1669437133914,True,True
30211874,6.17000000,2.87000000,40510378,40510378,1669437133919,True,True
30211875,6.17000000,4.89000000,40510379,40510379,1669437133943,True,True
30211876,6.17000000,2.44000000,40510380,40510380,1669437133949,True,True
30211877,6.18000000,14.29000000,40510381,40510381,1669437134028,True,True
30211878,6.17000000,3.72000000,40510382,40510382,1669437134028,True,True
30211879,6.18000000,1.70000000,40510383,40510383,1669437134157,True,True
30211880,6.18000000,1.70000000,40510384,40510384,1669437134286,False,True
30211881,6.17000000,2.62000000,40510385,40510385,1669437134352,True,True
30211882,6.19000000,1.69000000,40510386,40510386,1669437134783,False,True
30211883,6.16000000,1.67000000,40510387,40510387,1669437134907,True,True
30211884,6.19000000,1.69000000,40510388,40510388,1669437134914,False,True
30211885,6.19000000,2.42000000,40510389,40510389,1669437134919,False,True
30211886,6.19000000,3.23000000,40510390,40510390,1669437134926,False,True
30211887,6.19000000,4.84000000,40510391,40510391,1669437134929,False,True
30211888,6.16000000,1.63000000,40510392,40510392,1669437135073,True,True
30211889,6.16000000,2.33000000,40510393,40510393,1669437135350,True,True
30211890,6.19000000,3.23000000,40510394,40510394,1669437135933,False,True
30211891,6.19000000,74.49000000,40510395,40510397,1669437138231,False,True
30211892,6.20000000,145.09000000,40510398,40510402,1669437138231,False,True
30211893,6.21000000,97.32000000,40510403,40510405,1669437138231,False,True
30211894,6.22000000,438.75000000,40510406,40510410,1669437138231,False,True
30211895,6.23000000,177.21000000,40510411,40510415,1669437138231,False,True
30211896,6.23000000,389.65000000,40510416,40510416,1669437138238,True,True
30211897,6.23000000,45.52000000,40510417,40510417,1669437138238,True,True
30211898,6.23000000,64.37000000,40510418,40510418,1669437138239,True,True
30211899,6.23000000,102.46000000,40510419,40510419,1669437138244,True,True
30211900,6.23000000,6.40000000,40510420,40510420,1669437138244,True,True
30211901,6.24000000,122.79000000,40510421,40510424,1669437138256,False,True
30211902,6.23000000,3.73000000,40510425,40510425,1669437138473,True,True
30211903,6.23000000,106.93000000,40510426,40510426,1669437138517,True,True
30211904,6.23000000,116.68000000,40510427,40510427,1669437142257,True,True
30211905,6.24000000,4.81000000,40510428,40510428,1669437142306,False,True
30211906,6.23000000,16.03000000,40510429,40510429,1669437147148,True,True
30211907,6.21000000,74.67000000,40510430,40510431,1669437147173,True,True
30211908,6.21000000,16.03000000,40510432,40510432,1669437147181,True,True
30211909,6.20000000,40.18000000,40510433,40510436,1669437147181,True,True
30211910,6.19000000,37.67000000,40510437,40510442,1669437147181,True,True
30211911,6.18000000,117.91000000,40510443,40510445,1669437147181,True,True
30211912,6.17000000,276.25000000,40510446,40510448,1669437147181,True,True
30211913,6.17000000,1.70000000,40510449,40510449,1669437147917,True,True
30211914,6.17000000,8.12000000,40510450,40510450,1669437147924,True,True
30211915,6.17000000,1.70000000,40510451,40510451,1669437147933,True,True
30211916,6.18000000,3.26000000,40510452,40510452,1669437148045,True,True
30211917,6.18000000,2.31000000,40510453,40510453,1669437148412,True,True
30211918,6.18000000,10.30000000,40510454,40510454,1669437148619,True,True
30211919,6.22000000,1.68000000,40510455,40510455,1669437148916,False,True
30211920,6.17000000,16.24000000,40510456,40510456,1669437148916,True,True
30211921,6.18000000,3.24000000,40510457,40510457,1669437148932,True,True
30211922,6.18000000,3.33000000,40510458,40510458,1669437148944,True,True
30211923,6.18000000,5.97000000,40510459,40510459,1669437148997,True,True
30211924,6.18000000,3.24000000,40510460,40510460,1669437149410,True,True
30211925,6.18000000,2.54000000,40510461,40510461,1669437149492,True,True
30211926,6.20000000,16.12000000,40510462,40510462,1669437149919,False,True
30211927,6.20000000,8.06000000,40510463,40510463,1669437149943,False,True
30211928,6.20000000,3.22000000,40510464,40510464,1669437150187,False,True
30211929,6.21000000,27.76000000,40510465,40510465,1669437152498,False,True
30211930,6.22000000,72.84000000,40510466,40510468,1669437152498,False,True
30211931,6.23000000,195.72000000,40510469,40510473,1669437152498,False,True
30211932,6.24000000,546.69000000,40510474,40510486,1669437152498,False,True
30211933,6.25000000,538.02000000,40510487,40510503,1669437152498,False,True
30211934,6.26000000,113.47000000,40510504,40510507,1669437152498,False,True
30211935,6.26000000,1087.53000000,40510508,40510508,1669437152504,True,True
30211936,6.26000000,591.02000000,40510509,40510509,1669437152505,True,True
30211937,6.26000000,3.28000000,40510510,40510510,1669437152519,True,True
30211938,6.26000000,4.75000000,40510511,40510511,1669437152522,True,True
30211939,6.26000000,2.35000000,40510512,40510512,1669437152528,True,True
30211940,6.26000000,1087.51000000,40510513,40510513,1669437152531,True,True
30211941,6.26000000,3.18000000,40510514,40510514,1669437152560,True,True
30211942,6.27000000,34.92000000,40510515,40510517,1669437152576,False,True
30211943,6.26000000,2.95000000,40510518,40510518,1669437152592,True,True
30211944,6.27000000,254.23000000,40510519,40510521,1669437152621,False,True
30211945,6.28000000,123.01000000,40510522,40510527,1669437152621,False,True
30211946,6.29000000,11.78000000,40510528,40510528,1669437152621,False,True
30211947,6.30000000,245.85000000,40510529,40510531,1669437152621,False,True
30211948,6.29000000,2.48000000,40510532,40510532,1669437152675,True,True
30211949,6.29000000,2.48000000,40510533,40510533,1669437152695,True,True
30211950,6.28000000,23.00000000,40510534,40510535,1669437152737,True,True
30211951,6.28000000,1.63000000,40510536,40510536,1669437152755,True,True
30211952,6.28000000,2.96000000,40510537,40510537,1669437152767,True,True
30211953,6.28000000,82.18000000,40510538,40510540,1669437152794,True,True
30211954,6.28000000,4.19000000,40510541,40510541,1669437152815,True,True
30211955,6.27000000,2.44000000,40510542,40510542,1669437152815,True,True
30211956,6.28000000,19.55000000,40510543,40510543,1669437152834,False,True
30211957,6.27000000,151.48000000,40510544,40510544,1669437157364,True,True
30211958,6.29000000,1.61000000,40510545,40510545,1669437158015,False,True
30211959,6.29000000,54.70000000,40510546,40510548,1669437158025,False,True
30211960,6.29000000,7.93000000,40510549,40510549,1669437158262,False,True
30211961,6.27000000,18.15000000,40510550,40510550,1669437158781,True,True
30211962,6.27000000,10.21000000,40510551,40510551,1669437158946,True,True
30211963,6.27000000,1.68000000,40510552,40510552,1669437159817,True,True
30211964,6.27000000,3.22000000,40510553,40510553,1669437159928,True,True
30211965,6.27000000,2.65000000,40510554,40510554,1669437159928,True,True
30211966,6.27000000,4.83000000,40510555,40510555,1669437159929,True,True
30211967,6.27000000,3.30000000,40510556,40510556,1669437159930,True,True
30211968,6.27000000,8.06000000,40510557,40510557,1669437159933,True,True
30211969,6.27000000,2.48000000,40510558,40510558,1669437159936,True,True
30211970,6.27000000,1.69000000,40510559,40510559,1669437159938,True,True
30211971,6.27000000,3.22000000,40510560,40510560,1669437159942,True,True
30211972,6.27000000,2.25000000,40510561,40510561,1669437159943,True,True
30211973,6.27000000,1.68000000,40510562,40510562,1669437159947,True,True
30211974,6.27000000,1.69000000,40510563,40510563,1669437159955,True,True
30211975,6.27000000,1.70000000,40510564,40510564,1669437159955,True,True
30211976,6.27000000,1.69000000,40510565,40510565,1669437159960,True,True
30211977,6.27000000,16.10000000,40510566,40510566,1669437159963,True,True
30211978,6.27000000,2.41000000,40510567,40510567,1669437159965,True,True
30211979,6.27000000,2.41000000,40510568,40510568,1669437159968,True,True
30211980,6.27000000,8.05000000,40510569,40510569,1669437159970,True,True
30211981,6.27000000,3.21000000,40510570,40510570,1669437159971,True,True
30211982,6.27000000,1.68000000,40510571,40510571,1669437159971,True,True
30211983,6.27000000,2.41000000,40510572,40510572,1669437160203,True,True
30211984,6.29000000,1.66000000,40510573,40510573,1669437160814,False,True
30211985,6.29000000,1.66000000,40510574,40510574,1669437160933,False,True
30211986,6.29000000,3.17000000,40510575,40510576,1669437160943,False,True
30211987,6.29000000,1.66000000,40510577,40510577,1669437160945,False,True
30211988,6.29000000,15.89000000,40510578,40510578,1669437160947,False,True
30211989,6.29000000,4.76000000,40510579,40510579,1669437160952,False,True
30211990,6.29000000,2.38000000,40510580,40510580,1669437160958,False,True
30211991,6.29000000,3.17000000,40510581,40510581,1669437160960,False,True
30211992,6.29000000,1.66000000,40510582,40510582,1669437160970,False,True
30211993,6.28000000,3.19000000,40510583,40510583,1669437162108,True,True
30211994,6.29000000,2.53000000,40510584,40510584,1669437162585,False,True
30211995,6.29000000,12.65000000,40510585,40510586,1669437162604,False,True
30211996,6.28000000,1.83000000,40510587,40510587,1669437162906,True,True
30211997,6.29000000,7.94000000,40510588,40510589,1669437162939,False,True
30211998,6.28000000,1.69000000,40510590,40510590,1669437162940,True,True
30211999,6.28000000,3.02000000,40510591,40510591,1669437163432,True,True
30212000,6.28000000,2.09000000,40510592,40510592,1669437163546,True,True
30212001,6.29000000,1.58000000,40510593,40510593,1669437163760,False,True
30212002,6.28000000,2.59000000,40510594,40510594,1669437164125,True,True
30212003,6.28000000,2.31000000,40510595,40510596,1669437164801,True,True
30212004,6.28000000,2.78000000,40510597,40510597,1669437165475,True,True
30212005,6.28000000,2.22000000,40510598,40510598,1669437166160,True,True
30212006,6.28000000,2.10000000,40510599,40510599,1669437166864,True,True
30212007,6.28000000,2.75000000,40510600,40510601,1669437167514,True,True
30212008,6.28000000,2.56000000,40510602,40510602,1669437168217,True,True
30212009,6.28000000,2.88000000,40510603,40510603,1669437168889,True,True
30212010,6.28000000,2.58000000,40510604,40510604,1669437169575,True,True
30212011,6.28000000,3.00000000,40510605,40510605,1669437170232,True,True
30212012,6.28000000,3.04000000,40510606,40510606,1669437172630,True,True
30212013,6.29000000,65.60000000,40510607,40510612,1669437172732,False,True
30212014,6.29000000,10.08000000,40510613,40510613,1669437172765,True,True
30212015,6.29000000,3.00000000,40510614,40510614,1669437174657,True,True
30212016,6.29000000,33.00000000,40510615,40510615,1669437175263,True,True
30212017,6.29000000,33.00000000,40510616,40510616,1669437175274,True,True
30212018,6.29000000,61.56000000,40510617,40510617,1669437175311,True,True
30212019,6.29000000,82.18000000,40510618,40510618,1669437175319,True,True
30212020,6.29000000,7.85000000,40510619,40510619,1669437175323,True,True
30212021,6.29000000,0.19000000,40510620,40510620,1669437175349,True,True
30212022,6.28000000,3.00000000,40510621,40510621,1669437175398,True,True
30212023,6.27000000,12.90000000,40510622,40510622,1669437175398,True,True
30212024,6.26000000,8.17000000,40510623,40510623,1669437176454,True,True
30212025,6.26000000,16.25000000,40510624,40510624,1669437176455,True,True
30212026,6.26000000,0.53000000,40510625,40510625,1669437176536,True,True
30212027,6.25000000,3.39000000,40510626,40510626,1669437176536,True,True
30212028,6.24000000,6.09000000,40510627,40510628,1669437176720,True,True
30212029,6.24000000,2.46000000,40510629,40510629,1669437177499,True,True
30212030,6.24000000,13.42000000,40510630,40510630,1669437178331,True,True
30212031,6.23000000,46.81000000,40510631,40510632,1669437178331,True,True
30212032,6.27000000,19.49000000,40510633,40510634,1669437180327,False,True
30212033,6.28000000,68.57000000,40510635,40510637,1669437180327,False,True
30212034,6.29000000,311.44000000,40510638,40510639,1669437180327,False,True
30212035,6.30000000,748.35000000,40510640,40510655,1669437180327,False,True
30212036,6.31000000,454.61000000,40510656,40510664,1669437180327,False,True
30212037,6.31000000,21.46000000,40510665,40510665,1669437180340,True,True
30212038,6.31000000,21.30000000,40510666,40510666,1669437180342,True,True
30212039,6.31000000,900.00000000,40510667,40510667,1669437180343,True,True
30212040,6.31000000,50.00000000,40510668,40510668,1669437180347,True,True
30212041,6.32000000,19.09000000,40510669,40510669,1669437180347,False,True
30212042,6.31000000,276.70000000,40510670,40510670,1669437180353,True,True
30212043,6.31000000,3.88000000,40510671,40510671,1669437180363,True,True
30212044,6.31000000,2.63000000,40510672,40510672,1669437180378,True,True
30212045,6.31000000,3.45000000,40510673,40510673,1669437180400,True,True
30212046,6.31000000,6.15000000,40510674,40510674,1669437180633,True,True
30212047,6.31000000,4.05000000,40510675,40510675,1669437181207,True,True
30212048,6.32000000,7.92000000,40510676,40510676,1669437181589,False,True
30212049,6.32000000,1.66000000,40510677,40510677,1669437181958,False,True
30212050,6.32000000,1.66000000,40510678,40510678,1669437181985,False,True
30212051,6.32000000,3.16000000,40510679,40510679,1669437181992,False,True
30212052,6.31000000,54.34000000,40510680,40510680,1669437182949,True,True
30212053,6.31000000,4.81000000,40510681,40510681,1669437183956,True,True
30212054,6.31000000,1.76000000,40510682,40510682,1669437183972,True,True
30212055,6.31000000,1.68000000,40510683,40510683,1669437183976,True,True
30212056,6.31000000,35.21000000,40510684,40510684,1669437183985,True,True
30212057,6.31000000,87.71000000,40510685,40510685,1669437184341,True,True
30212058,6.31000000,2.93000000,40510686,40510686,1669437184747,True,True
30212059,6.31000000,450.59000000,40510687,40510687,1669437188386,True,True
30212060,6.31000000,66.00000000,40510688,40510688,1669437188433,True,True
30212061,6.31000000,2.61000000,40510689,40510689,1669437189222,True,True
30212062,6.31000000,1.88000000,40510690,40510690,1669437189884,True,True
30212063,6.31000000,50.00000000,40510691,40510691,1669437190728,True,True
30212064,6.31000000,3.25000000,40510692,40510692,1669437191981,True,True
30212065,6.31000000,150.08000000,40510693,40510693,1669437192875,True,True
30212066,6.32000000,732.13000000,40510694,40510696,1669437198202,False,True
30212067,6.32000000,32.00000000,40510697,40510697,1669437198208,True,True
30212068,6.33000000,4.74000000,40510698,40510698,1669437202239,False,True
30212069,6.33000000,1.89000000,40510699,40510699,1669437208842,False,True
30212070,6.33000000,3.00000000,40510700,40510700,1669437210042,False,True
30212071,6.32000000,1.90000000,40510701,40510701,1669437210758,True,True
30212072,6.33000000,42.74000000,40510702,40510702,1669437213793,False,True
30212073,6.33000000,15.74000000,40510703,40510703,1669437213809,False,True
30212074,6.33000000,2.06000000,40510704,40510704,1669437213910,False,True
30212075,6.33000000,2.06000000,40510705,40510705,1669437214134,False,True
30212076,6.32000000,1.70000000,40510706,40510706,1669437214996,True,True
30212077,6.32000000,9.81000000,40510707,40510707,1669437217045,True,True
30212078,6.33000000,210.85000000,40510708,40510712,1669437221718,False,True
30212079,6.34000000,300.90000000,40510713,40510717,1669437221718,False,True
30212080,6.34000000,535.42000000,40510718,40510718,1669437221723,True,True
30212081,6.34000000,0.02000000,40510719,40510719,1669437221724,True,True
30212082,6.33000000,3.40000000,40510720,40510720,1669437221739,False,True
30212083,6.33000000,66.00000000,40510721,40510722,1669437221740,False,True
30212084,6.32000000,1.92000000,40510723,40510723,1669437221742,True,True
30212085,6.32000000,1.92000000,40510724,40510724,1669437221768,True,True
30212086,6.33000000,1.92000000,40510725,40510725,1669437222089,True,True
30212087,6.33000000,1.92000000,40510726,40510726,1669437222116,True,True
30212088,6.33000000,1.77000000,40510727,40510727,1669437222281,True,True
30212089,6.33000000,2.68000000,40510728,40510728,1669437227263,True,True
30212090,6.33000000,2.73000000,40510729,40510729,1669437233401,True,True
30212091,6.33000000,2.34000000,40510730,40510730,1669437234736,True,True
30212092,6.33000000,54.15000000,40510731,40510732,1669437237963,True,True
30212093,6.33000000,10.07000000,40510733,40510733,1669437246800,True,True
30212094,6.33000000,9.03000000,40510734,40510734,1669437246846,True,True
30212095,6.33000000,2.47000000,40510735,40510736,1669437246862,True,True
30212096,6.33000000,2.95000000,40510737,40510737,1669437246906,True,True
30212097,6.33000000,9.21000000,40510738,40510738,1669437246913,True,True
30212098,6.32000000,31.61000000,40510739,40510740,1669437253157,True,True
30212099,6.30000000,2.24000000,40510741,40510741,1669437254023,True,True
30212100,6.30000000,99.33000000,40510742,40510746,1669437254045,True,True
30212101,6.30000000,8.08000000,40510747,40510747,1669437254046,True,True
30212102,6.29000000,41.64000000,40510748,40510748,1669437254046,True,True
30212103,6.30000000,46.72000000,40510749,40510749,1669437254082,True,True
30212104,6.29000000,52.59000000,40510750,40510752,1669437254082,True,True
30212105,6.31000000,3.16000000,40510753,40510753,1669437255023,False,True
30212106,6.31000000,1.66000000,40510754,40510754,1669437255023,False,True
30212107,6.31000000,3.16000000,40510755,40510755,1669437255046,False,True
30212108,6.29000000,45.06000000,40510756,40510756,1669437265592,True,True
30212109,6.28000000,6.77000000,40510757,40510757,1669437271815,False,True
30212110,6.28000000,16.43000000,40510758,40510758,1669437275248,False,True
30212111,6.28000000,523.82000000,40510759,40510761,1669437275800,False,True
30212112,6.29000000,3.39000000,40510762,40510762,1669437275816,True,True
30212113,6.29000000,29.37000000,40510763,40510763,1669437275817,True,True
30212114,6.30000000,49.70000000,40510764,40510764,1669437275817,False,True
30212115,6.30000000,10.29000000,40510765,40510765,1669437275821,False,True
30212116,6.29000000,16.53000000,40510766,40510766,1669437279846,True,True
30212117,6.31000000,2.69000000,40510767,40510767,1669437284733,False,True
30212118,6.31000000,82.18000000,40510768,40510768,1669437284996,False,True
