30218175,5.66000000,94.08000000,40521294,40521297,1669507210705,False,True
30218176,5.66000000,49.90000000,40521298,40521298,1669507211178,True,True
30218177,5.65000000,12.30000000,40521299,40521299,1669507221353,True,True
30218178,5.65000000,31.29000000,40521300,40521301,1669507254963,True,True
30218179,5.66000000,2.66000000,40521302,40521302,1669507299446,False,True
30218180,5.66000000,2.66000000,40521303,40521303,1669507299480,False,True
30218181,5.66000000,4.60000000,40521304,40521304,1669507338706,False,True
30218182,5.65000000,4.89000000,40521305,40521305,1669507375185,True,True
30218183,5.65000000,3.53000000,40521306,40521306,1669507410201,True,True
30218184,5.65000000,8.30000000,40521307,40521307,1669507461495,True,True
30218185,5.65000000,149.32000000,40521308,40521312,1669507520472,True,True
30218186,5.64000000,73.67000000,40521313,40521315,1669507520472,True,True
30218187,5.64000000,13.52000000,40521316,40521316,1669507547735,True,True
30218188,5.64000000,16.71000000,40521317,40521318,1669507549982,True,True
30218189,5.64000000,17.73000000,40521319,40521319,1669507609966,True,True
30218190,5.65000000,21.39000000,40521320,40521320,1669507678603,False,True
30218191,5.64000000,2.48000000,40521321,40521321,1669507747260,True,True
30218192,5.64000000,133.87000000,40521322,40521324,1669507761759,True,True
30218193,5.63000000,87.89000000,40521325,40521330,1669507810664,True,True
30218194,5.63000000,89.31000000,40521331,40521333,1669507828070,True,True
30218195,5.63000000,33.54000000,40521334,40521334,1669507830171,False,True
30218196,5.63000000,42.34000000,40521335,40521335,1669507834401,False,True
30218197,5.64000000,35.76000000,40521336,40521336,1669507834440,False,True
30218198,5.65000000,39.21000000,40521337,40521340,1669507834440,False,True
30218199,5.65000000,17.69000000,40521341,40521341,1669507836146,False,True
30218200,5.63000000,175.56000000,40521342,40521347,1669507842780,True,True
30218201,5.62000000,35.80000000,40521348,40521348,1669507842780,True,True
30218202,5.61000000,410.58000000,40521349,40521353,1669507842780,True,True
30218203,5.61000000,0.02000000,40521354,40521354,1669507842781,True,True
30218204,5.60000000,17.79000000,40521355,40521358,1669507842782,True,True
30218205,5.60000000,34.80000000,40521359,40521360,1669507842792,True,True
30218206,5.61000000,344.21000000,40521361,40521361,1669507842797,True,True
30218207,5.60000000,177.30000000,40521362,40521362,1669507842801,True,True
30218208,5.60000000,34.27000000,40521363,40521363,1669507842814,True,True
30218209,5.62000000,63.38000000,40521364,40521365,1669507842835,False,True
30218210,5.61000000,3.18000000,40521366,40521366,1669507847779,True,True
30218211,5.62000000,37.44000000,40521367,40521367,1669507851712,False,True
30218212,5.62000000,3.52000000,40521368,40521368,1669507857778,False,True
30218213,5.61000000,12.61000000,40521369,40521369,1669507867662,True,True
30218214,5.62000000,2.42000000,40521370,40521370,1669507874703,False,True
30218215,5.62000000,4.45000000,40521371,40521371,1669507875643,False,True
30218216,5.62000000,12.46000000,40521372,40521372,1669507875651,False,True
30218217,5.62000000,3.32000000,40521373,40521373,1669507880518,False,True
30218218,5.62000000,12.57000000,40521374,40521375,1669507884580,False,True
30218219,5.61000000,2.32000000,40521376,40521376,1669507902659,True,True
30218220,5.62000000,3.05000000,40521377,40521377,1669507902948,False,True
30218221,5.61000000,35.86000000,40521378,40521378,1669507912714,True,True
30218222,5.61000000,17.85000000,40521379,40521379,1669507912718,True,True
30218223,5.61000000,17.85000000,40521380,40521380,1669507912719,True,True
30218224,5.62000000,15.00000000,40521381,40521383,1669507914150,False,True
30218225,5.61000000,2.69000000,40521384,40521384,1669507942435,True,True
30218226,5.62000000,3.57000000,40521385,40521385,1669507960854,False,True
30218227,5.62000000,50.28000000,40521386,40521389,1669507969173,False,True
30218228,5.62000000,3.00000000,40521390,40521390,1669508023356,True,True
30218229,5.61000000,2.72000000,40521391,40521391,1669508027020,True,True
30218230,5.62000000,3.00000000,40521392,40521392,1669508114858,True,True
30218231,5.61000000,176.16000000,40521393,40521399,1669508114858,True,True
30218232,5.61000000,6.43000000,40521400,40521400,1669508114859,True,True
30218233,5.60000000,11.42000000,40521401,40521401,1669508114859,True,True
30218234,5.62000000,3.47000000,40521402,40521402,1669508122378,False,True
30218235,5.61000000,4.46000000,40521403,40521403,1669508173183,False,True
30218236,5.60000000,6.28000000,40521404,40521404,1669508194583,True,True
30218237,5.62000000,20.44000000,40521405,40521406,1669508194965,False,True
30218238,5.62000000,24.56000000,40521407,40521407,1669508310451,False,True
30218239,5.62000000,9.72000000,40521408,40521408,1669508310478,False,True
30218240,5.62000000,61.79000000,40521409,40521415,1669508310484,False,True
30218241,5.62000000,6.25000000,40521416,40521416,1669508310506,False,True
30218242,5.62000000,9.72000000,40521417,40521417,1669508310532,False,True
30218243,5.62000000,9.68000000,40521418,40521418,1669508310557,False,True
30218244,5.62000000,9.72000000,40521419,40521419,1669508312602,False,True
30218245,5.62000000,3.00000000,40521420,40521420,1669508312645,False,True
30218246,5.62000000,3.00000000,40521421,40521421,1669508312653,False,True
30218247,5.62000000,17.79000000,40521422,40521423,1669508421358,False,True
30218248,5.62000000,252.80000000,40521424,40521432,1669508499183,False,True
30218249,5.63000000,7.03000000,40521433,40521433,1669508540162,False,True
30218250,5.62000000,2.41000000,40521434,40521434,1669508550397,True,True
30218251,5.62000000,14.40000000,40521435,40521435,1669508554716,True,True
30218252,5.62000000,2.44000000,40521436,40521436,1669508554719,True,True
30218253,5.62000000,17.82000000,40521437,40521437,1669508554721,True,True
30218254,5.63000000,46.25000000,40521438,40521438,1669508612703,False,True
30218255,5.64000000,30.00000000,40521439,40521442,1669508618936,False,True
30218256,5.63000000,2.54000000,40521443,40521443,1669508625018,True,True
30218257,5.63000000,4.07000000,40521444,40521444,1669508710772,True,True
30218258,5.64000000,134.68000000,40521445,40521455,1669508710851,False,True
30218259,5.64000000,2.93000000,40521456,40521456,1669508716792,False,True
30218260,5.65000000,14.77000000,40521457,40521457,1669508716792,False,True
30218261,5.64000000,38.78000000,40521458,40521458,1669508794507,False,True
30218262,5.64000000,2.85000000,40521459,40521459,1669509007808,True,True
30218263,5.65000000,251.25000000,40521460,40521473,1669509062053,False,True
30218264,5.66000000,8.85000000,40521474,40521474,1669509064597,False,True
30218265,5.66000000,134.96000000,40521475,40521485,1669509090506,False,True
30218266,5.67000000,52.16000000,40521486,40521486,1669509111671,False,True
30218267,5.67000000,16.03000000,40521487,40521488,1669509128899,False,True
30218268,5.67000000,176.36000000,40521489,40521491,1669509154590,False,True
30218269,5.66000000,3.27000000,40521492,40521492,1669509240327,True,True
30218270,5.66000000,2.98000000,40521493,40521493,1669509242053,True,True
30218271,5.66000000,2.52000000,40521494,40521494,1669509300159,True,True
30218272,5.66000000,137.47000000,40521495,40521498,1669509355075,True,True
30218273,5.66000000,0.01000000,40521499,40521499,1669509355075,True,True
30218274,5.65000000,22.63000000,40521500,40521501,1669509355075,True,True
30218275,5.65000000,54.98000000,40521502,40521503,1669509355092,True,True
30218276,5.65000000,178.68000000,40521504,40521505,1669509360968,True,True
30218277,5.65000000,29.99000000,40521506,40521506,1669509360978,True,True
30218278,5.65000000,7.06000000,40521507,40521507,1669509362155,False,True
30218279,5.65000000,17.10000000,40521508,40521508,1669509362481,False,True
30218280,5.65000000,3.36000000,40521509,40521509,1669509440983,False,True
30218281,5.65000000,47.10000000,40521510,40521515,1669509569238,False,True
30218282,5.65000000,3.53000000,40521516,40521516,1669509596241,False,True
30218283,5.64000000,32.71000000,40521517,40521519,1669509651479,True,True
30218284,5.65000000,36.82000000,40521520,40521521,1669509673436,False,True
30218285,5.65000000,36.82000000,40521522,40521525,1669509673437,False,True
30218286,5.65000000,1.33000000,40521526,40521526,1669509673438,False,True
30218287,5.66000000,114.77000000,40521527,40521530,1669509673447,False,True
30218288,5.66000000,20.79000000,40521531,40521531,1669509673455,False,True
30218289,5.67000000,2.29000000,40521532,40521532,1669509768770,False,True
30218290,5.66000000,3.31000000,40521533,40521533,1669509777432,True,True
30218291,5.66000000,3.46000000,40521534,40521534,1669509778290,True,True
30218292,5.66000000,67.85000000,40521535,40521537,1669509818031,True,True
30218293,5.66000000,20.44000000,40521538,40521538,1669509818050,True,True
30218294,5.65000000,17.69000000,40521539,40521539,1669509818067,True,True
30218295,5.66000000,40.65000000,40521540,40521542,1669509833213,False,True
30218296,5.66000000,15.84000000,40521543,40521543,1669509833221,True,True
30218297,5.66000000,8.97000000,40521544,40521544,1669509833511,True,True
30218298,5.65000000,63.28000000,40521545,40521547,1669509878378,True,True
30218299,5.64000000,119.52000000,40521548,40521550,1669509878378,True,True
30218300,5.63000000,194.27000000,40521551,40521552,1669509878378,True,True
30218301,5.64000000,10.57000000,40521553,40521553,1669509910331,False,True
30218302,5.64000000,13.16000000,40521554,40521554,1669510015711,False,True
30218303,5.62000000,177.74000000,40521555,40521560,1669510029094,True,True
30218304,5.62000000,2.01000000,40521561,40521561,1669510029106,False,True
30218305,5.61000000,70.94000000,40521562,40521564,1669510133580,True,True
30218306,5.61000000,233.60000000,40521565,40521570,1669510146582,True,True
30218307,5.62000000,3.08000000,40521571,40521571,1669510180106,False,True
30218308,5.61000000,15.23000000,40521572,40521572,1669510207679,True,True
30218309,5.62000000,1.95000000,40521573,40521573,1669510265475,False,True
30218310,5.62000000,139.97000000,40521574,40521584,1669510328924,False,True
30218311,5.63000000,123.76000000,40521585,40521588,1669510418755,False,True
30218312,5.63000000,33.00000000,40521589,40521590,1669510418768,False,True
30218313,5.63000000,53.28000000,40521591,40521591,1669510472288,False,True
30218314,5.64000000,126.17000000,40521592,40521596,1669510494493,False,True
30218315,5.64000000,1.80000000,40521597,40521597,1669510535060,False,True
30218316,5.64000000,24.47000000,40521598,40521599,1669510545698,False,True
30218317,5.64000000,14.48000000,40521600,40521600,1669510545743,False,True
30218318,5.64000000,14.48000000,40521601,40521603,1669510545775,False,True
30218319,5.64000000,47.60000000,40521604,40521606,1669510554618,False,True
30218320,5.64000000,15.60000000,40521607,40521609,1669510746604,False,True
30218321,5.64000000,6.17000000,40521610,40521610,1669510865435,False,True
30218322,5.64000000,6.17000000,40521611,40521611,1669510865446,False,True
30218323,5.63000000,206.58000000,40521612,40521615,1669510996851,True,True
30218324,5.63000000,55.09000000,40521616,40521617,1669511006666,True,True
30218325,5.62000000,123.54000000,40521618,40521621,1669511006666,True,True
30218326,5.64000000,2.81000000,40521622,40521622,1669511012469,False,True
30218327,5.63000000,2.59000000,40521623,40521623,1669511029729,True,True
30218328,5.62000000,57.31000000,40521624,40521626,1669511029729,True,True
30218329,5.61000000,90.03000000,40521627,40521627,1669511108748,True,True
30218330,5.61000000,173.60000000,40521628,40521630,1669511117234,True,True
30218331,5.62000000,2.47000000,40521631,40521631,1669511120451,False,True
30218332,5.62000000,93.14000000,40521632,40521641,1669511129368,False,True
30218333,5.63000000,43.16000000,40521642,40521642,1669511129368,False,True
30218334,5.63000000,123.79000000,40521643,40521645,1669511170955,False,True
30218335,5.63000000,1.77000000,40521646,40521646,1669511204022,False,True
30218336,5.63000000,148.73000000,40521647,40521657,1669511217848,False,True
30218337,5.64000000,158.76000000,40521658,40521661,1669511217848,False,True
30218338,5.64000000,48.30000000,40521662,40521662,1669511217858,True,True
30218339,5.64000000,8.51000000,40521663,40521663,1669511237786,False,True
30218340,5.63000000,47.10000000,40521664,40521664,1669511259051,True,True
30218341,5.64000000,86.76000000,40521665,40521674,1669511304726,False,True
30218342,5.65000000,101.80000000,40521675,40521678,1669511304726,False,True
30218343,5.65000000,29.03000000,40521679,40521679,1669511339313,False,True
30218344,5.65000000,1.77000000,40521680,40521681,1669511389620,False,True
30218345,5.65000000,82.01000000,40521682,40521684,1669511397132,False,True
30218346,5.66000000,106.01000000,40521685,40521689,1669511397132,False,True
30218347,5.67000000,5.74000000,40521690,40521690,1669511521015,False,True
30218348,5.65000000,2.46000000,40521691,40521691,1669511568731,True,True
30218349,5.65000000,5.47000000,40521692,40521692,1669511977110,True,True
30218350,5.65000000,34.54000000,40521693,40521693,1669512014152,True,True
30218351,5.66000000,238.52000000,40521694,40521706,1669512033318,False,True
30218352,5.67000000,26.45000000,40521707,40521707,1669512033318,False,True
30218353,5.67000000,2.00000000,40521708,40521708,1669512068026,False,True
30218354,5.67000000,2.64000000,40521709,40521709,1669512118034,False,True
30218355,5.67000000,1.78000000,40521710,40521710,1669512295338,False,True
30218356,5.66000000,1.84000000,40521711,40521711,1669512378666,True,True
30218357,5.66000000,2.53000000,40521712,40521712,1669512415415,True,True
30218358,5.66000000,12.65000000,40521713,40521713,1669512416246,True,True
30218359,5.66000000,1.86000000,40521714,40521714,1669512522918,True,True
30218360,5.66000000,10.71000000,40521715,40521715,1669512574926,True,True
30218361,5.67000000,4.17000000,40521716,40521716,1669512649376,True,True
30218362,5.68000000,82.84000000,40521717,40521719,1669512662976,False,True
30218363,5.69000000,2.48000000,40521720,40521721,1669512690986,False,True
30218364,5.67000000,44.59000000,40521722,40521724,1669512713147,True,True
30218365,5.67000000,24.37000000,40521725,40521726,1669512713148,True,True
30218366,5.67000000,17.66000000,40521727,40521728,1669512713154,True,True
30218367,5.66000000,15.22000000,40521729,40521730,1669512740670,True,True
30218368,5.68000000,17.13000000,40521731,40521732,1669512841931,False,True
30218369,5.66000000,2.80000000,40521733,40521733,1669512858864,True,True
30218370,5.66000000,11.56000000,40521734,40521735,1669512891899,True,True
30218371,5.68000000,2.08000000,40521736,40521736,1669512949790,False,True
30218372,5.68000000,3.28000000,40521737,40521737,1669513031007,False,True
30218373,5.68000000,19.51000000,40521738,40521739,1669513053716,False,True
30218374,5.68000000,7.04000000,40521740,40521740,1669513220466,False,True
30218375,5.68000000,99.54000000,40521741,40521752,1669513237754,False,True
30218376,5.67000000,4.39000000,40521753,40521753,1669513287891,True,True
30218377,5.68000000,14.89000000,40521754,40521756,1669513318712,False,True
30218378,5.68000000,16.06000000,40521757,40521759,1669513339702,False,True
30218379,5.69000000,62.79000000,40521760,40521764,1669513339702,False,True
30218380,5.67000000,2.68000000,40521765,40521765,1669513369073,True,True
30218381,5.68000000,9.34000000,40521766,40521766,1669513392908,False,True
30218382,5.67000000,31.90000000,40521767,40521769,1669513420370,True,True
30218383,5.67000000,14.86000000,40521770,40521770,1669513432841,True,True
30218384,5.68000000,9.34000000,40521771,40521771,1669513442062,False,True
30218385,5.68000000,9.34000000,40521772,40521772,1669513442072,False,True
30218386,5.68000000,9.34000000,40521773,40521773,1669513442110,False,True
30218387,5.68000000,9.34000000,40521774,40521774,1669513442162,False,True
30218388,5.68000000,9.34000000,40521775,40521775,1669513444173,False,True
30218389,5.68000000,37.26000000,40521776,40521779,1669513445042,False,True
30218390,5.69000000,93.73000000,40521780,40521783,1669513445042,False,True
30218391,5.69000000,24.21000000,40521784,40521784,1669513445066,False,True
30218392,5.69000000,5.63000000,40521785,40521785,1669513445102,False,True
30218393,5.71000000,5.33000000,40521786,40521786,1669513468444,False,True
30218394,5.69000000,5.73000000,40521787,40521787,1669513469890,True,True
30218395,5.69000000,3.54000000,40521788,40521788,1669513470866,True,True
30218396,5.69000000,3.54000000,40521789,40521789,1669513470892,True,True
30218397,5.69000000,3.54000000,40521790,40521790,1669513470904,True,True
30218398,5.69000000,16.86000000,40521791,40521792,1669513547785,True,True
30218399,5.70000000,8.78000000,40521793,40521793,1669513595541,False,True
30218400,5.70000000,70.16000000,40521794,40521799,1669513610735,False,True
30218401,5.70000000,30.00000000,40521800,40521803,1669513617814,False,True
30218402,5.70000000,10.00000000,40521804,40521806,1669513624451,False,True
30218403,5.70000000,2.46000000,40521807,40521807,1669513661773,True,True
30218404,5.71000000,17.01000000,40521808,40521809,1669513770958,False,True
30218405,5.70000000,17.54000000,40521810,40521810,1669513781157,True,True
30218406,5.70000000,38.69000000,40521811,40521811,1669513781189,False,True
30218407,5.71000000,9.63000000,40521812,40521812,1669513875137,False,True
30218408,5.71000000,10.91000000,40521813,40521813,1669513875158,False,True
30218409,5.71000000,52.53000000,40521814,40521814,1669513884893,False,True
30218410,5.72000000,67.49000000,40521815,40521820,1669513884893,False,True
30218411,5.70000000,3.51000000,40521821,40521822,1669513895466,True,True
30218412,5.71000000,3.07000000,40521823,40521823,1669513901081,True,True
30218413,5.71000000,2.64000000,40521824,40521824,1669513903522,True,True
30218414,5.72000000,14.60000000,40521825,40521825,1669513914693,False,True
30218415,5.71000000,3.10000000,40521826,40521826,1669513926582,True,True
30218416,5.71000000,3.05000000,40521827,40521827,1669513942029,True,True
30218417,5.72000000,255.79000000,40521828,40521844,1669514006275,False,True
30218418,5.72000000,82.18000000,40521845,40521845,1669514006285,True,True
30218419,5.72000000,3.20000000,40521846,40521846,1669514006293,True,True
30218420,5.72000000,20.08000000,40521847,40521847,1669514006544,True,True
30218421,5.73000000,305.88000000,40521848,40521865,1669514022674,False,True
30218422,5.73000000,16.59000000,40521866,40521866,1669514022680,True,True
30218423,5.73000000,17.84000000,40521867,40521867,1669514022683,True,True
30218424,5.73000000,16.35000000,40521868,40521868,1669514022694,True,True
30218425,5.73000000,16.59000000,40521869,40521869,1669514022707,True,True
30218426,5.73000000,7.50000000,40521870,40521870,1669514022726,True,True
30218427,5.73000000,2.00000000,40521871,40521871,1669514026554,True,True
30218428,5.73000000,3.57000000,40521872,40521872,1669514028389,True,True
30218429,5.74000000,141.48000000,40521873,40521875,1669514030613,False,True
30218430,5.73000000,2.14000000,40521876,40521876,1669514031453,True,True
30218431,5.73000000,2.38000000,40521877,40521877,1669514037289,True,True
30218432,5.74000000,350.47000000,40521878,40521889,1669514065662,False,True
30218433,5.73000000,3.15000000,40521890,40521890,1669514084390,True,True
30218434,5.73000000,2.86000000,40521891,40521891,1669514086462,True,True
30218435,5.73000000,2.74000000,40521892,40521892,1669514087111,True,True
30218436,5.73000000,85.56000000,40521893,40521894,1669514087133,True,True
30218437,5.72000000,3.08000000,40521895,40521895,1669514088453,True,True
30218438,5.72000000,2.32000000,40521896,40521896,1669514144189,True,True
30218439,5.72000000,1.77000000,40521897,40521897,1669514241750,True,True
30218440,5.72000000,26.68000000,40521898,40521898,1669514354725,True,True
30218441,5.72000000,11.48000000,40521899,40521899,1669514386590,True,True
30218442,5.72000000,51.80000000,40521900,40521902,1669514393198,True,True
30218443,5.72000000,24.44000000,40521903,40521904,1669514413704,True,True
30218444,5.72000000,58.45000000,40521905,40521906,1669514567177,True,True
30218445,5.72000000,24.29000000,40521907,40521908,1669514610818,True,True
30218446,5.72000000,17.54000000,40521909,40521910,1669514610819,True,True
30218447,5.72000000,72.85000000,40521911,40521912,1669514610828,True,True
30218448,5.71000000,17.51000000,40521913,40521913,1669514610829,True,True
30218449,5.71000000,17.51000000,40521914,40521914,1669514610837,True,True
30218450,5.72000000,30.59000000,40521915,40521915,1669514611179,True,True
30218451,5.71000000,34.03000000,40521916,40521916,1669514657102,True,True
30218452,5.72000000,3.50000000,40521917,40521917,1669514662280,False,True
30218453,5.71000000,81.04000000,40521918,40521920,1669514701961,True,True
30218454,5.71000000,33.00000000,40521921,40521921,1669514712337,False,True
30218455,5.70000000,132.97000000,40521922,40521925,1669514744107,True,True
30218456,5.69000000,7.75000000,40521926,40521926,1669514744955,False,True
30218457,5.69000000,27.73000000,40521927,40521927,1669514744960,False,True
30218458,5.70000000,90.34000000,40521928,40521928,1669514745509,False,True
30218459,5.70000000,5.26000000,40521929,40521929,1669514755290,False,True
30218460,5.69000000,154.05000000,40521930,40521933,1669514766718,True,True
30218461,5.69000000,5.71000000,40521934,40521934,1669514766727,False,True
30218462,5.69000000,54.45000000,40521935,40521935,1669514766729,False,True
30218463,5.69000000,30.59000000,40521936,40521936,1669514766729,False,True
30218464,5.69000000,5.70000000,40521937,40521937,1669514766743,False,True
30218465,5.69000000,5.70000000,40521938,40521938,1669514766773,False,True
30218466,5.69000000,2.29000000,40521939,40521939,1669514766782,False,True
30218467,5.69000000,3.41000000,40521940,40521940,1669514766809,False,True
30218468,5.69000000,5.70000000,40521941,40521941,1669514766810,False,True
30218469,5.69000000,5.71000000,40521942,40521942,1669514766859,False,True
30218470,5.69000000,5.70000000,40521943,40521943,1669514766870,False,True
30218471,5.69000000,2.29000000,40521944,40521944,1669514766921,False,True
30218472,5.69000000,3.40000000,40521945,40521945,1669514766946,False,True
30218473,5.68000000,151.51000000,40521946,40521950,1669514818551,True,True
30218474,5.69000000,3.13000000,40521951,40521951,1669514857158,False,True
30218475,5.69000000,2.83000000,40521952,40521952,1669514857815,False,True
30218476,5.69000000,2.71000000,40521953,40521953,1669514858471,False,True
30218477,5.69000000,18.53000000,40521954,40521954,1669514863610,False,True
30218478,5.69000000,8.10000000,40521955,40521955,1669514868811,True,True
30218479,5.70000000,84.53000000,40521956,40521959,1669514884368,False,True
30218480,5.69000000,6.76000000,40521960,40521960,1669514944511,True,True
30218481,5.70000000,24.21000000,40521961,40521962,1669514979376,False,True
30218482,5.70000000,48.79000000,40521963,40521968,1669514979386,False,True
30218483,5.70000000,24.21000000,40521969,40521972,1669514979396,False,True
30218484,5.70000000,3.12000000,40521973,40521973,1669515107076,False,True
30218485,5.70000000,1.85000000,40521974,40521974,1669515125460,False,True
30218486,5.70000000,8.63000000,40521975,40521975,1669515189234,False,True
30218487,5.70000000,89.35000000,40521976,40521987,1669515202936,False,True
30218488,5.69000000,138.29000000,40521988,40521991,1669515214593,True,True
30218489,5.68000000,80.23000000,40521992,40521994,1669515214593,True,True
30218490,5.67000000,216.69000000,40521995,40521996,1669515214593,True,True
30218491,5.67000000,17.60000000,40521997,40521997,1669515214612,True,True
30218492,5.69000000,8.54000000,40521998,40521998,1669515214820,False,True
30218493,5.69000000,8.62000000,40521999,40521999,1669515214836,False,True
30218494,5.69000000,8.50000000,40522000,40522000,1669515214840,False,True
30218495,5.69000000,2.85000000,40522001,40522001,1669515215226,False,True
30218496,5.69000000,2.85000000,40522002,40522002,1669515215236,False,True
30218497,5.67000000,3.00000000,40522003,40522003,1669515298477,True,True
30218498,5.69000000,1.99000000,40522004,40522004,1669515301706,False,True
30218499,5.67000000,41.63000000,40522005,40522006,1669515327338,True,True
30218500,5.67000000,14.93000000,40522007,40522007,1669515341813,True,True
30218501,5.67000000,24.34000000,40522008,40522008,1669515369318,False,True
30218502,5.67000000,398.13000000,40522009,40522009,1669515369332,False,True
30218503,5.67000000,24.34000000,40522010,40522010,1669515369334,False,True
30218504,5.67000000,77.62000000,40522011,40522011,1669515369392,False,True
30218505,5.69000000,22.77000000,40522012,40522012,1669515419649,False,True
30218506,5.69000000,24.25000000,40522013,40522013,1669515419663,False,True
30218507,5.69000000,6.47000000,40522014,40522014,1669515419677,False,True
30218508,5.70000000,154.25000000,40522015,40522024,1669515507905,False,True
30218509,5.70000000,24.21000000,40522025,40522028,1669515507910,False,True
30218510,5.70000000,5.41000000,40522029,40522029,1669515507940,False,True
30218511,5.70000000,5.41000000,40522030,40522030,1669515507953,False,True
30218512,5.70000000,9.24000000,40522031,40522032,1669515507961,False,True
30218513,5.70000000,3.73000000,40522033,40522033,1669515507972,False,True
30218514,5.71000000,3.86000000,40522034,40522034,1669515579970,False,True
30218515,5.71000000,3.09000000,40522035,40522035,1669515615161,False,True
30218516,5.71000000,52.53000000,40522036,40522036,1669515731533,False,True
30218517,5.71000000,3.05000000,40522037,40522037,1669515796844,True,True
30218518,5.72000000,27.15000000,40522038,40522039,1669515847154,False,True
30218519,5.71000000,2.27000000,40522040,40522040,1669515855678,True,True
30218520,5.72000000,103.66000000,40522041,40522046,1669515856799,False,True
30218521,5.71000000,2.52000000,40522047,40522048,1669515858921,True,True
30218522,5.72000000,36.50000000,40522049,40522053,1669515892473,False,True
30218523,5.72000000,3.81000000,40522054,40522054,1669515892505,False,True
30218524,5.71000000,6.30000000,40522055,40522055,1669515930698,True,True
30218525,5.72000000,11.85000000,40522056,40522057,1669516074868,False,True
30218526,5.72000000,23.86000000,40522058,40522060,1669516204927,False,True
30218527,5.72000000,23.86000000,40522061,40522063,1669516204929,False,True
30218528,5.72000000,3.71000000,40522064,40522064,1669516204929,False,True
30218529,5.73000000,42.62000000,40522065,40522066,1669516204984,False,True
30218530,5.73000000,34.41000000,40522067,40522068,1669516230790,False,True
30218531,5.72000000,65.29000000,40522069,40522070,1669516360579,True,True
30218532,5.71000000,15.24000000,40522071,40522072,1669516360579,True,True
30218533,5.70000000,5.50000000,40522073,40522073,1669516406542,True,True
30218534,5.71000000,39.74000000,40522074,40522078,1669516414226,False,True
30218535,5.71000000,52.27000000,40522079,40522084,1669516566683,False,True
30218536,5.72000000,109.63000000,40522085,40522088,1669516566683,False,True
30218537,5.72000000,18.57000000,40522089,40522090,1669516610762,False,True
30218538,5.72000000,12.23000000,40522091,40522092,1669516619929,False,True
30218539,5.72000000,2.25000000,40522093,40522093,1669516657815,False,True
30218540,5.72000000,10.92000000,40522094,40522095,1669516743664,False,True
30218541,5.72000000,3.02000000,40522096,40522096,1669516795181,False,True
30218542,5.72000000,1.89000000,40522097,40522097,1669516813785,False,True
30218543,5.71000000,1.89000000,40522098,40522098,1669516858448,True,True
30218544,5.72000000,1.89000000,40522099,40522099,1669516933758,False,True
30218545,5.72000000,7.24000000,40522100,40522100,1669516964323,False,True
30218546,5.72000000,30.52000000,40522101,40522104,1669516964337,False,True
30218547,5.72000000,7.24000000,40522105,40522106,1669516964351,False,True
30218548,5.72000000,8.00000000,40522107,40522108,1669516974319,False,True
30218549,5.71000000,84.44000000,40522109,40522111,1669516981172,True,True
30218550,5.72000000,154.07000000,40522112,40522120,1669517075110,False,True
30218551,5.73000000,82.73000000,40522121,40522124,1669517075110,False,True
30218552,5.73000000,14.19000000,40522125,40522125,1669517101516,False,True
30218553,5.73000000,283.14000000,40522126,40522140,1669517118184,False,True
30218554,5.72000000,5.12000000,40522141,40522141,1669517187629,True,True
30218555,5.73000000,10.79000000,40522142,40522142,1669517340851,True,True
30218556,5.73000000,13.19000000,40522143,40522143,1669517357596,True,True
30218557,5.74000000,60.99000000,40522144,40522147,1669517359370,False,True
30218558,5.73000000,2.17000000,40522148,40522148,1669517363639,True,True
30218559,5.73000000,2.81000000,40522149,40522149,1669517367045,True,True
30218560,5.73000000,2.84000000,40522150,40522150,1669517540832,True,True
30218561,5.73000000,3.03000000,40522151,40522151,1669517711273,True,True
30218562,5.73000000,21.96000000,40522152,40522152,1669517785679,True,True
30218563,5.73000000,17.48000000,40522153,40522154,1669517785681,True,True
30218564,5.73000000,6.59000000,40522155,40522156,1669517785684,True,True
30218565,5.73000000,63.21000000,40522157,40522159,1669517807617,True,True
30218566,5.72000000,165.00000000,40522160,40522164,1669517807625,True,True
30218567,5.72000000,48.43000000,40522165,40522166,1669517807660,True,True
30218568,5.71000000,20.50000000,40522167,40522167,1669517819281,False,True
30218569,5.72000000,33.00000000,40522168,40522168,1669517823497,False,True
30218570,5.72000000,33.00000000,40522169,40522170,1669517823517,False,True
30218571,5.71000000,174.22000000,40522171,40522174,1669517827007,True,True
30218572,5.70000000,180.69000000,40522175,40522179,1669517827007,True,True
30218573,5.69000000,33.00000000,40522180,40522181,1669517827015,True,True
30218574,5.69000000,33.00000000,40522182,40522182,1669517827018,True,True
30218575,5.70000000,24.21000000,40522183,40522183,1669517827020,False,True
30218576,5.69000000,2.96000000,40522184,40522184,1669517827075,False,True
30218577,5.69000000,2.92000000,40522185,40522185,1669517827088,False,True
30218578,5.69000000,2.92000000,40522186,40522186,1669517827113,False,True
30218579,5.69000000,2.93000000,40522187,40522187,1669517827136,False,True
30218580,5.69000000,2.92000000,40522188,40522188,1669517827158,False,True
30218581,5.69000000,2.92000000,40522189,40522189,1669517827183,False,True
30218582,5.69000000,2.92000000,40522190,40522190,1669517827186,False,True
30218583,5.69000000,2.92000000,40522191,40522191,1669517827200,False,True
30218584,5.69000000,2.92000000,40522192,40522192,1669517827230,False,True
30218585,5.69000000,24.25000000,40522193,40522193,1669517827243,False,True
30218586,5.69000000,3.76000000,40522194,40522194,1669517827261,False,True
30218587,5.69000000,86.11000000,40522195,40522196,1669517832585,True,True
30218588,5.69000000,24.25000000,40522197,40522197,1669517832594,False,True
30218589,5.69000000,110.01000000,40522198,40522198,1669517832615,False,True
30218590,5.69000000,24.25000000,40522199,40522199,1669517832630,False,True
30218591,5.69000000,24.25000000,40522200,40522200,1669517832653,False,True
30218592,5.69000000,24.25000000,40522201,40522201,1669517832668,False,True
30218593,5.69000000,13.05000000,40522202,40522202,1669517832682,False,True
30218594,5.68000000,24.25000000,40522203,40522203,1669517838774,True,True
30218595,5.68000000,9.20000000,40522204,40522204,1669517838793,True,True
30218596,5.67000000,30.86000000,40522205,40522205,1669517841213,True,True
30218597,5.67000000,24.34000000,40522206,40522206,1669517841227,False,True
30218598,5.67000000,8.77000000,40522207,40522207,1669517841241,False,True
30218599,5.67000000,33.07000000,40522208,40522208,1669517841242,False,True
30218600,5.67000000,24.07000000,40522209,40522209,1669517841249,False,True
30218601,5.68000000,3.05000000,40522210,40522210,1669517846152,False,True
30218602,5.68000000,3.49000000,40522211,40522211,1669517847744,False,True
30218603,5.68000000,3.53000000,40522212,40522212,1669517852741,False,True
30218604,5.68000000,96.03000000,40522213,40522217,1669517872976,False,True
30218605,5.68000000,71.89000000,40522218,40522219,1669517876095,True,True
30218606,5.67000000,22.76000000,40522220,40522220,1669517876126,False,True
30218607,5.66000000,33.00000000,40522221,40522221,1669517876136,True,True
30218608,5.67000000,22.75000000,40522222,40522222,1669517876139,False,True
30218609,5.67000000,6.93000000,40522223,40522223,1669517876167,False,True
30218610,5.67000000,2.91000000,40522224,40522225,1669517876225,False,True
30218611,5.67000000,2.91000000,40522226,40522226,1669517876286,False,True
30218612,5.67000000,2.91000000,40522227,40522227,1669517876341,False,True
30218613,5.67000000,2.91000000,40522228,40522228,1669517876523,False,True
30218614,5.67000000,2.91000000,40522229,40522229,1669517876582,False,True
30218615,5.67000000,2.91000000,40522230,40522230,1669517876634,False,True
30218616,5.67000000,2.91000000,40522231,40522231,1669517876689,False,True
30218617,5.67000000,2.91000000,40522232,40522232,1669517876743,False,True
30218618,5.67000000,2.91000000,40522233,40522233,1669517876797,False,True
30218619,5.67000000,5.16000000,40522234,40522234,1669517879459,False,True
30218620,5.67000000,41.83000000,40522235,40522236,1669517881114,False,True
30218621,5.68000000,21.14000000,40522237,40522238,1669517881114,False,True
30218622,5.69000000,33.40000000,40522239,40522239,1669517881145,False,True
30218623,5.69000000,62.38000000,40522240,40522242,1669517885699,True,True
30218624,5.68000000,29.22000000,40522243,40522244,1669517885715,True,True
30218625,5.68000000,3.52000000,40522245,40522245,1669517886316,False,True
30218626,5.67000000,45.42000000,40522246,40522246,1669517893337,True,True
30218627,5.67000000,2.34000000,40522247,40522247,1669517894484,False,True
30218628,5.67000000,3.00000000,40522248,40522248,1669517895174,False,True
30218629,5.66000000,90.57000000,40522249,40522251,1669517903466,True,True
30218630,5.66000000,6.93000000,40522252,40522252,1669517903475,False,True
30218631,5.66000000,2.92000000,40522253,40522253,1669517903490,False,True
30218632,5.66000000,30.89000000,40522254,40522254,1669517903507,False,True
30218633,5.66000000,24.38000000,40522255,40522255,1669517903507,False,True
30218634,5.66000000,2.92000000,40522256,40522256,1669517903536,False,True
30218635,5.66000000,2.93000000,40522257,40522257,1669517903555,False,True
30218636,5.66000000,2.92000000,40522258,40522258,1669517903600,False,True
30218637,5.66000000,2.92000000,40522259,40522259,1669517903787,False,True
30218638,5.66000000,2.92000000,40522260,40522260,1669517903853,False,True
30218639,5.66000000,2.92000000,40522261,40522261,1669517903925,False,True
30218640,5.66000000,2.92000000,40522262,40522262,1669517903995,False,True
30218641,5.66000000,2.92000000,40522263,40522263,1669517904060,False,True
30218642,5.66000000,48.79000000,40522264,40522264,1669517904689,False,True
30218643,5.66000000,2.02000000,40522265,40522265,1669517910586,False,True
30218644,5.66000000,2.50000000,40522266,40522266,1669517911580,False,True
30218645,5.65000000,298.53000000,40522267,40522270,1669517911724,True,True
30218646,5.65000000,2.67000000,40522271,40522271,1669517911724,True,True
30218647,5.65000000,82.18000000,40522272,40522272,1669517911835,True,True
30218648,5.65000000,2.50000000,40522273,40522273,1669517912077,False,True
30218649,5.65000000,28.21000000,40522274,40522274,1669517912095,False,True
30218650,5.67000000,3.19000000,40522275,40522275,1669517923073,False,True
30218651,5.65000000,80.97000000,40522276,40522278,1669517924449,True,True
30218652,5.65000000,24.42000000,40522279,40522279,1669517924459,False,True
30218653,5.65000000,24.42000000,40522280,40522280,1669517924470,False,True
30218654,5.65000000,32.63000000,40522281,40522281,1669517924477,False,True
30218655,5.65000000,8.23000000,40522282,40522282,1669517924490,False,True
30218656,5.65000000,3.07000000,40522283,40522283,1669517928188,False,True
30218657,5.65000000,3.28000000,40522284,40522284,1669517928834,False,True
30218658,5.65000000,3.50000000,40522285,40522285,1669517931990,False,True
30218659,5.64000000,196.08000000,40522286,40522288,1669517944229,True,True
30218660,5.64000000,4.66000000,40522289,40522289,1669517944268,False,True
30218661,5.64000000,48.13000000,40522290,40522290,1669517944335,False,True
30218662,5.64000000,8.42000000,40522291,40522291,1669517944404,False,True
30218663,5.64000000,2.91000000,40522292,40522292,1669517944749,False,True
30218664,5.64000000,2.91000000,40522293,40522293,1669517944815,False,True
30218665,5.64000000,2.91000000,40522294,40522294,1669517944891,False,True
30218666,5.64000000,2.91000000,40522295,40522295,1669517944949,False,True
30218667,5.64000000,2.91000000,40522296,40522296,1669517945147,False,True
30218668,5.64000000,2.91000000,40522297,40522297,1669517945220,False,True
30218669,5.64000000,2.91000000,40522298,40522298,1669517945283,False,True
30218670,5.64000000,2.91000000,40522299,40522299,1669517945350,False,True
30218671,5.64000000,2.91000000,40522300,40522300,1669517945710,False,True
30218672,5.64000000,3.43000000,40522301,40522301,1669517955809,False,True
30218673,5.64000000,2.63000000,40522302,40522302,1669517956373,False,True
30218674,5.63000000,30.01000000,40522303,40522304,1669517956705,True,True
30218675,5.63000000,24.51000000,40522305,40522305,1669517956715,False,True
30218676,5.63000000,6.35000000,40522306,40522306,1669517956820,False,True
30218677,5.63000000,8.03000000,40522307,40522307,1669517957776,False,True
30218678,5.62000000,172.76000000,40522308,40522310,1669517967358,True,True
30218679,5.62000000,131.37000000,40522311,40522311,1669517967363,False,True
30218680,5.62000000,24.56000000,40522312,40522312,1669517967370,False,True
30218681,5.62000000,7.33000000,40522313,40522313,1669517967479,False,True
30218682,5.62000000,3.05000000,40522314,40522314,1669517971079,False,True
30218683,5.62000000,2.26000000,40522315,40522315,1669517971632,False,True
30218684,5.62000000,2.87000000,40522316,40522316,1669517972384,False,True
30218685,5.62000000,2.97000000,40522317,40522317,1669517973026,False,True
30218686,5.62000000,13.21000000,40522318,40522318,1669517981359,True,True
30218687,5.61000000,92.38000000,40522319,40522322,1669517981359,True,True
30218688,5.60000000,69.55000000,40522323,40522323,1669517981359,True,True
30218689,5.63000000,3.57000000,40522324,40522324,1669517986214,False,True
30218690,5.63000000,3.55000000,40522325,40522325,1669517987455,False,True
30218691,5.63000000,3.55000000,40522326,40522326,1669517988401,False,True
30218692,5.63000000,3.55000000,40522327,40522327,1669517988433,False,True
30218693,5.63000000,2.14000000,40522328,40522328,1669517992209,False,True
30218694,5.63000000,2.93000000,40522329,40522329,1669517992859,False,True
30218695,5.63000000,3.08000000,40522330,40522330,1669517993509,False,True
30218696,5.63000000,2.44000000,40522331,40522331,1669517996188,False,True
30218697,5.63000000,24.51000000,40522332,40522333,1669518003535,False,True
30218698,5.63000000,25.74000000,40522334,40522334,1669518003565,False,True
30218699,5.63000000,24.51000000,40522335,40522336,1669518003566,False,True
30218700,5.64000000,15.70000000,40522337,40522337,1669518110233,False,True
30218701,5.63000000,8.94000000,40522338,40522339,1669518124568,True,True
30218702,5.63000000,3.10000000,40522340,40522340,1669518163138,False,True
30218703,5.63000000,22.68000000,40522341,40522341,1669518163257,False,True
30218704,5.64000000,2.22000000,40522342,40522342,1669518164125,False,True
30218705,5.64000000,35.46000000,40522343,40522344,1669518176072,False,True
30218706,5.65000000,3.50000000,40522345,40522345,1669518178459,False,True
30218707,5.65000000,33.40000000,40522346,40522346,1669518199381,False,True
30218708,5.66000000,70.87000000,40522347,40522348,1669518199381,False,True
30218709,5.66000000,19.43000000,40522349,40522350,1669518201371,False,True
30218710,5.66000000,60.75000000,40522351,40522353,1669518205520,False,True
30218711,5.67000000,43.40000000,40522354,40522354,1669518205520,False,True
30218712,5.65000000,4.20000000,40522355,40522355,1669518205547,True,True
30218713,5.66000000,3.19000000,40522356,40522356,1669518207499,True,True
30218714,5.66000000,4.23000000,40522357,40522357,1669518207605,True,True
30218715,5.67000000,3.17000000,40522358,40522358,1669518286809,False,True
30218716,5.66000000,3.09000000,40522359,40522359,1669518420356,True,True
30218717,5.66000000,2.13000000,40522360,40522360,1669518421683,True,True
30218718,5.67000000,0.02000000,40522361,40522361,1669518517033,False,True
30218719,5.68000000,2.11000000,40522362,40522362,1669518534374,False,True
30218720,5.69000000,5.90000000,40522363,40522363,1669518550006,False,True
30218721,5.69000000,7.23000000,40522364,40522364,1669518553396,False,True
30218722,5.68000000,3.86000000,40522365,40522365,1669518554784,True,True
30218723,5.67000000,2.25000000,40522366,40522366,1669518555792,True,True
30218724,5.67000000,3.68000000,40522367,40522367,1669518567976,True,True
30218725,5.67000000,3.04000000,40522368,40522368,1669518574735,True,True
30218726,5.68000000,4.23000000,40522369,40522369,1669518652612,False,True
30218727,5.68000000,3.01000000,40522370,40522370,1669518660360,False,True
30218728,5.68000000,6.97000000,40522371,40522372,1669518788767,False,True
30218729,5.68000000,1.78000000,40522373,40522373,1669518875087,True,True
30218730,5.69000000,3.51000000,40522374,40522374,1669518930798,False,True
30218731,5.68000000,2.96000000,40522375,40522375,1669518943446,True,True
30218732,5.69000000,3.01000000,40522376,40522376,1669518969815,False,True
30218733,5.69000000,88.06000000,40522377,40522386,1669518975852,False,True
30218734,5.69000000,7.05000000,40522387,40522387,1669518981341,True,True
30218735,5.69000000,3.07000000,40522388,40522388,1669518989647,True,True
30218736,5.69000000,2.43000000,40522389,40522389,1669518990307,True,True
30218737,5.69000000,2.86000000,40522390,40522390,1669518990965,True,True
30218738,5.69000000,34.81000000,40522391,40522391,1669519006401,True,True
30218739,5.69000000,35.23000000,40522392,40522392,1669519006604,True,True
30218740,5.70000000,1.85000000,40522393,40522393,1669519076442,False,True
30218741,5.68000000,3.23000000,40522394,40522394,1669519086007,True,True
30218742,5.68000000,3.54000000,40522395,40522395,1669519086548,True,True
30218743,5.70000000,2.04000000,40522396,40522397,1669519087459,False,True
30218744,5.70000000,108.11000000,40522398,40522400,1669519092888,False,True
30218745,5.70000000,4.38000000,40522401,40522401,1669519112019,False,True
30218746,5.69000000,3.31000000,40522402,40522402,1669519115568,True,True
30218747,5.69000000,2.92000000,40522403,40522403,1669519122822,True,True
30218748,5.69000000,4.37000000,40522404,40522404,1669519218306,True,True
30218749,5.70000000,11.21000000,40522405,40522406,1669519244032,False,True
30218750,5.70000000,15.65000000,40522407,40522407,1669519244046,True,True
30218751,5.70000000,20.24000000,40522408,40522408,1669519244733,True,True
30218752,5.70000000,27.97000000,40522409,40522410,1669519405228,False,True
30218753,5.69000000,16.65000000,40522411,40522411,1669519423311,True,True
30218754,5.69000000,17.60000000,40522412,40522412,1669519503772,True,True
30218755,5.69000000,32.10000000,40522413,40522414,1669519503773,True,True
30218756,5.70000000,48.77000000,40522415,40522417,1669519522264,False,True
30218757,5.69000000,9.06000000,40522418,40522418,1669519555109,True,True
30218758,5.68000000,8.54000000,40522419,40522419,1669519555109,True,True
30218759,5.69000000,10.10000000,40522420,40522420,1669519574983,True,True
30218760,5.69000000,2.12000000,40522421,40522421,1669519577838,True,True
30218761,5.69000000,8.78000000,40522422,40522422,1669519599738,True,True
30218762,5.70000000,28.51000000,40522423,40522423,1669519609561,False,True
30218763,5.69000000,2.49000000,40522424,40522424,1669519636071,True,True
30218764,5.69000000,10.11000000,40522425,40522425,1669519683983,True,True
30218765,5.70000000,11.37000000,40522426,40522426,1669519712918,False,True
30218766,5.69000000,22.00000000,40522427,40522427,1669519785854,True,True
30218767,5.69000000,14.24000000,40522428,40522428,1669519846614,True,True
30218768,5.70000000,5.71000000,40522429,40522429,1669519888348,False,True
30218769,5.70000000,2.28000000,40522430,40522430,1669519949524,False,True
30218770,5.69000000,15.23000000,40522431,40522432,1669519952363,True,True
30218771,5.70000000,17.45000000,40522433,40522433,1669520101572,False,True
30218772,5.69000000,3.60000000,40522434,40522434,1669520197196,True,True
30218773,5.68000000,41.93000000,40522435,40522436,1669520197196,True,True
30218774,5.69000000,16.90000000,40522437,40522437,1669520197482,False,True
30218775,5.68000000,179.08000000,40522438,40522441,1669520235235,True,True
30218776,5.68000000,1.93000000,40522442,40522442,1669520402809,True,True
30218777,5.68000000,11.92000000,40522443,40522443,1669520485532,True,True
30218778,5.68000000,11.04000000,40522444,40522444,1669520600968,True,True
30218779,5.69000000,1.84000000,40522445,40522445,1669520606987,False,True
30218780,5.68000000,128.95000000,40522446,40522451,1669520736693,True,True
30218781,5.69000000,67.52000000,40522452,40522462,1669520923345,False,True
30218782,5.69000000,72.86000000,40522463,40522463,1669520923354,True,True
30218783,5.69000000,21.14000000,40522464,40522464,1669520923356,True,True
30218784,5.69000000,22.68000000,40522465,40522465,1669520923364,True,True
30218785,5.69000000,15.65000000,40522466,40522466,1669520940797,False,True
30218786,5.70000000,163.19000000,40522467,40522473,1669520940797,False,True
30218787,5.68000000,13.96000000,40522474,40522474,1669520951374,True,True
30218788,5.70000000,79.60000000,40522475,40522477,1669520953158,False,True
30218789,5.70000000,158.35000000,40522478,40522483,1669520953158,False,True
30218790,5.70000000,24.65000000,40522484,40522484,1669520953159,False,True
30218791,5.71000000,59.84000000,40522485,40522488,1669520953182,False,True
30218792,5.72000000,32.51000000,40522489,40522490,1669520953195,False,True
30218793,5.72000000,8.97000000,40522491,40522491,1669520953202,False,True
30218794,5.72000000,17.57000000,40522492,40522492,1669520953207,True,True
30218795,5.72000000,14.90000000,40522493,40522493,1669520953216,True,True
30218796,5.72000000,14.94000000,40522494,40522494,1669520953218,True,True
30218797,5.72000000,2.67000000,40522495,40522495,1669520953227,True,True
30218798,5.71000000,17.61000000,40522496,40522496,1669520953250,True,True
30218799,5.72000000,5.34000000,40522497,40522498,1669520953253,False,True
30218800,5.72000000,19.20000000,40522499,40522499,1669520953313,True,True
30218801,5.70000000,17.44000000,40522500,40522501,1669520953534,True,True
30218802,5.72000000,26.19000000,40522502,40522503,1669521018732,False,True
30218803,5.70000000,3.42000000,40522504,40522504,1669521030513,True,True
30218804,5.70000000,3.48000000,40522505,40522505,1669521031159,True,True
30218805,5.70000000,3.54000000,40522506,40522506,1669521031382,True,True
30218806,5.70000000,3.54000000,40522507,40522507,1669521031387,True,True
30218807,5.70000000,4.43000000,40522508,40522508,1669521089088,True,True
30218808,5.72000000,6.12000000,40522509,40522509,1669521098566,False,True
30218809,5.72000000,7.80000000,40522510,40522511,1669521112811,False,True
30218810,5.71000000,3.57000000,40522512,40522512,1669521120161,True,True
30218811,5.71000000,3.06000000,40522513,40522513,1669521122026,True,True
30218812,5.71000000,3.52000000,40522514,40522514,1669521128301,True,True
30218813,5.71000000,3.27000000,40522515,40522515,1669521129028,True,True
30218814,5.72000000,27.10000000,40522516,40522516,1669521134034,False,True
30218815,5.71000000,2.62000000,40522517,40522517,1669521260121,True,True
30218816,5.72000000,1.86000000,40522518,40522518,1669521292508,False,True
30218817,5.72000000,8.19000000,40522519,40522521,1669521357864,False,True
30218818,5.71000000,50.06000000,40522522,40522524,1669521434051,True,True
30218819,5.72000000,21.73000000,40522525,40522525,1669521436104,False,True
30218820,5.71000000,41.91000000,40522526,40522526,1669521455849,True,True
30218821,5.70000000,17.54000000,40522527,40522527,1669521455851,True,True
30218822,5.70000000,17.52000000,40522528,40522530,1669521455863,True,True
30218823,5.70000000,6.35000000,40522531,40522532,1669521455864,True,True
30218824,5.70000000,35.14000000,40522533,40522533,1669521455867,True,True
30218825,5.69000000,2.74000000,40522534,40522534,1669521468310,True,True
30218826,5.71000000,30.64000000,40522535,40522535,1669521543280,False,True
30218827,5.72000000,94.53000000,40522536,40522541,1669521543280,False,True
30218828,5.72000000,95.69000000,40522542,40522544,1669521546841,False,True
30218829,5.71000000,3.18000000,40522545,40522545,1669521555065,True,True
30218830,5.72000000,8.74000000,40522546,40522546,1669521632222,False,True
30218831,5.72000000,21.85000000,40522547,40522547,1669521643108,False,True
30218832,5.72000000,15.72000000,40522548,40522548,1669521643117,True,True
30218833,5.72000000,3.04000000,40522549,40522549,1669521643823,True,True
30218834,5.73000000,82.18000000,40522550,40522555,1669521645325,False,True
30218835,5.72000000,2.00000000,40522556,40522556,1669521656671,True,True
30218836,5.73000000,1.79000000,40522557,40522557,1669521688975,False,True
30218837,5.73000000,61.90000000,40522558,40522559,1669521712624,False,True
30218838,5.74000000,53.81000000,40522560,40522562,1669521712624,False,True
30218839,5.73000000,16.32000000,40522563,40522563,1669521713313,True,True
30218840,5.73000000,5.83000000,40522564,40522564,1669521731378,True,True
30218841,5.73000000,6.76000000,40522565,40522565,1669521731387,True,True
30218842,5.74000000,2.67000000,40522566,40522567,1669521755222,False,True
30218843,5.73000000,2.99000000,40522568,40522568,1669521772459,True,True
30218844,5.73000000,2.33000000,40522569,40522569,1669521773105,True,True
30218845,5.73000000,3.49000000,40522570,40522570,1669521817570,True,True
30218846,5.73000000,281.34000000,40522571,40522572,1669521932166,True,True
30218847,5.74000000,46.35000000,40522573,40522575,1669521999784,False,True
30218848,5.75000000,358.73000000,40522576,40522577,1669521999784,False,True
30218849,5.76000000,835.53000000,40522578,40522582,1669521999784,False,True
30218850,5.77000000,706.18000000,40522583,40522591,1669521999784,False,True
30218851,5.78000000,214.14000000,40522592,40522596,1669521999784,False,True
30218852,5.79000000,345.22000000,40522597,40522598,1669521999784,False,True
30218853,5.80000000,61.47000000,40522599,40522603,1669521999784,False,True
30218854,5.80000000,667.13000000,40522604,40522604,1669521999791,True,True
30218855,5.74000000,21.21000000,40522605,40522605,1669521999802,False,True
30218856,5.74000000,8.68000000,40522606,40522606,1669521999803,False,True
30218857,5.74000000,8.68000000,40522607,40522607,1669521999803,False,True
30218858,5.74000000,39.14000000,40522608,40522608,1669521999804,False,True
30218859,5.74000000,21.81000000,40522609,40522609,1669521999805,False,True
30218860,5.79000000,36.75000000,40522610,40522610,1669521999813,False,True
30218861,5.79000000,4.45000000,40522611,40522611,1669521999817,False,True
30218862,5.79000000,17.36000000,40522612,40522613,1669521999833,False,True
30218863,5.80000000,14.00000000,40522614,40522614,1669521999853,False,True
30218864,5.79000000,297.90000000,40522615,40522615,1669521999856,True,True
30218865,5.79000000,89.29000000,40522616,40522616,1669521999857,False,True
30218866,5.79000000,210.53000000,40522617,40522617,1669521999867,False,True
30218867,5.79000000,67.71000000,40522618,40522618,1669521999870,False,True
30218868,5.78000000,66.00000000,40522619,40522619,1669521999902,True,True
30218869,5.78000000,0.63000000,40522620,40522620,1669522000782,True,True
30218870,5.77000000,9.18000000,40522621,40522621,1669522000782,True,True
30218871,5.78000000,6.43000000,40522622,40522622,1669522001287,True,True
30218872,5.77000000,2.19000000,40522623,40522623,1669522001962,True,True
30218873,5.77000000,4.29000000,40522624,40522624,1669522005628,True,True
30218874,5.77000000,5.27000000,40522625,40522626,1669522006329,True,True
30218875,5.77000000,1.83000000,40522627,40522627,1669522006329,True,True
30218876,5.77000000,8.78000000,40522628,40522628,1669522006333,True,True
30218877,5.77000000,3.51000000,40522629,40522629,1669522006341,True,True
30218878,5.77000000,2.59000000,40522630,40522630,1669522006354,True,True
30218879,5.77000000,1.84000000,40522631,40522631,1669522006371,True,True
30218880,5.77000000,2.38000000,40522632,40522632,1669522007048,True,True
30218881,5.77000000,3.01000000,40522633,40522633,1669522007709,True,True
30218882,5.79000000,1.81000000,40522634,40522634,1669522008343,False,True
30218883,5.77000000,1.98000000,40522635,40522636,1669522011302,True,True
30218884,5.77000000,2.00000000,40522637,40522637,1669522011930,True,True
30218885,5.77000000,3.49000000,40522638,40522638,1669522012346,True,True
30218886,5.77000000,5.30000000,40522639,40522639,1669522021344,True,True
30218887,5.79000000,19.39000000,40522640,40522640,1669522030414,False,True
30218888,5.77000000,2.87000000,40522641,40522641,1669522031658,True,True
30218889,5.77000000,2.81000000,40522642,40522642,1669522032306,True,True
30218890,5.77000000,3.50000000,40522643,40522643,1669522032359,True,True
30218891,5.76000000,3.12000000,40522644,40522644,1669522032933,True,True
30218892,5.76000000,3.11000000,40522645,40522645,1669522033575,True,True
30218893,5.76000000,2.56000000,40522646,40522646,1669522034237,True,True
30218894,5.78000000,5.94000000,40522647,40522647,1669522035689,False,True
30218895,5.78000000,17.30000000,40522648,40522649,1669522035705,False,True
30218896,5.77000000,11.56000000,40522650,40522650,1669522035728,True,True
30218897,5.78000000,1.81000000,40522651,40522651,1669522036375,False,True
30218898,5.78000000,5.93000000,40522652,40522652,1669522040000,False,True
30218899,5.78000000,20.74000000,40522653,40522653,1669522040002,False,True
30218900,5.78000000,8.01000000,40522654,40522654,1669522056078,False,True
30218901,5.78000000,1.87000000,40522655,40522655,1669522059788,False,True
30218902,5.77000000,2.83000000,40522656,40522656,1669522067162,True,True
30218903,5.77000000,2.89000000,40522657,40522657,1669522067813,True,True
30218904,5.78000000,106.61000000,40522658,40522661,1669522068309,False,True
30218905,5.78000000,31.85000000,40522662,40522662,1669522068316,True,True
30218906,5.77000000,2.08000000,40522663,40522663,1669522068471,True,True
30218907,5.77000000,3.05000000,40522664,40522665,1669522069146,True,True
30218908,5.77000000,3.00000000,40522666,40522666,1669522070479,True,True
30218909,5.77000000,2.87000000,40522667,40522667,1669522071476,True,True
30218910,5.77000000,2.76000000,40522668,40522668,1669522072148,True,True
30218911,5.79000000,3.53000000,40522669,40522669,1669522080511,False,True
30218912,5.79000000,51.81000000,40522670,40522674,1669522095116,False,True
30218913,5.79000000,2.42000000,40522675,40522675,1669522114686,False,True
30218914,5.77000000,3.05000000,40522676,40522676,1669522120643,True,True
30218915,5.77000000,2.76000000,40522677,40522677,1669522121998,True,True
30218916,5.77000000,3.02000000,40522678,40522679,1669522122659,True,True
30218917,5.77000000,2.70000000,40522680,40522680,1669522123299,True,True
30218918,5.77000000,3.49000000,40522681,40522681,1669522157713,True,True
30218919,5.79000000,104.80000000,40522682,40522687,1669522158883,False,True
30218920,5.80000000,128.07000000,40522688,40522691,1669522158883,False,True
30218921,5.81000000,75.27000000,40522692,40522694,1669522158883,False,True
30218922,5.82000000,47.15000000,40522695,40522698,1669522158883,False,True
30218923,5.83000000,22.50000000,40522699,40522705,1669522158883,False,True
30218924,5.84000000,922.86000000,40522706,40522719,1669522158883,False,True
30218925,5.85000000,339.69000000,40522720,40522723,1669522158883,False,True
30218926,5.86000000,348.99000000,40522724,40522726,1669522158883,False,True
30218927,5.87000000,22.71000000,40522727,40522729,1669522158883,False,True
30218928,5.88000000,322.96000000,40522730,40522733,1669522158883,False,True
30218929,5.89000000,2080.74000000,40522734,40522735,1669522158883,False,True
30218930,5.90000000,2749.66000000,40522736,40522739,1669522158883,False,True
30218931,5.82000000,66.00000000,40522740,40522740,1669522158916,False,True
30218932,5.85000000,2.98000000,40522741,40522741,1669522160075,True,True
30218933,5.85000000,2.98000000,40522742,40522742,1669522160100,True,True
30218934,5.86000000,2.06000000,40522743,40522743,1669522161400,True,True
30218935,5.85000000,36.73000000,40522744,40522745,1669522162386,True,True
30218936,5.85000000,8.62000000,40522746,40522746,1669522162492,True,True
30218937,5.85000000,3.47000000,40522747,40522747,1669522162496,True,True
30218938,5.85000000,1.80000000,40522748,40522748,1669522162511,True,True
30218939,5.85000000,5.15000000,40522749,40522750,1669522162513,True,True
30218940,5.85000000,5.16000000,40522751,40522751,1669522162513,True,True
30218941,5.85000000,3.61000000,40522752,40522752,1669522162514,True,True
30218942,5.85000000,2.05000000,40522753,40522753,1669522162518,True,True
30218943,5.85000000,3.43000000,40522754,40522754,1669522162518,True,True
30218944,5.85000000,1.82000000,40522755,40522755,1669522162520,True,True
30218945,5.85000000,5.16000000,40522756,40522756,1669522162537,True,True
30218946,5.85000000,2.13000000,40522757,40522757,1669522162779,True,True
30218947,5.85000000,2.57000000,40522758,40522758,1669522162810,True,True
30218948,5.85000000,2.02000000,40522759,40522759,1669522163063,True,True
30218949,5.87000000,2.55000000,40522760,40522760,1669522163519,False,True
30218950,5.87000000,1.78000000,40522761,40522761,1669522164773,False,True
30218951,5.85000000,4.00000000,40522762,40522762,1669522164784,True,True
30218952,5.87000000,2.55000000,40522763,40522763,1669522165516,False,True
30218953,5.85000000,9.72000000,40522764,40522765,1669522166438,True,True
30218954,5.85000000,39.84000000,40522766,40522766,1669522166451,True,True
30218955,5.84000000,8.71000000,40522767,40522767,1669522166451,True,True
30218956,5.84000000,61.73000000,40522768,40522770,1669522168175,True,True
30218957,5.83000000,71.27000000,40522771,40522772,1669522168175,True,True
30218958,5.82000000,96.65000000,40522773,40522776,1669522168175,True,True
30218959,5.81000000,184.36000000,40522777,40522779,1669522168175,True,True
30218960,5.80000000,70.88000000,40522780,40522785,1669522168175,True,True
30218961,5.79000000,70.43000000,40522786,40522787,1669522168175,True,True
30218962,5.78000000,154.95000000,40522788,40522790,1669522168175,True,True
30218963,5.79000000,17.15000000,40522791,40522792,1669522168200,True,True
30218964,5.81000000,17.06000000,40522793,40522793,1669522168251,True,True
30218965,5.82000000,4.00000000,40522794,40522794,1669522168436,False,True
30218966,5.81000000,5.40000000,40522795,40522795,1669522168518,True,True
30218967,5.80000000,18.80000000,40522796,40522796,1669522168626,True,True
30218968,5.81000000,7.53000000,40522797,40522797,1669522169223,False,True
30218969,5.80000000,3.50000000,40522798,40522798,1669522169521,True,True
30218970,5.80000000,2.63000000,40522799,40522799,1669522169526,True,True
30218971,5.80000000,1.84000000,40522800,40522800,1669522169532,True,True
30218972,5.79000000,1.74000000,40522801,40522801,1669522172833,True,True
30218973,5.79000000,2.22000000,40522802,40522802,1669522173326,True,True
30218974,5.80000000,3.44000000,40522803,40522803,1669522173509,False,True
30218975,5.80000000,2.06000000,40522804,40522804,1669522173515,False,True
30218976,5.80000000,8.62000000,40522805,40522805,1669522173519,False,True
30218977,5.80000000,1.81000000,40522806,40522806,1669522173540,False,True
30218978,5.80000000,5.17000000,40522807,40522807,1669522173632,False,True
30218979,5.80000000,5.78000000,40522808,40522808,1669522173660,False,True
30218980,5.80000000,1.99000000,40522809,40522809,1669522176786,False,True
30218981,5.81000000,12.91000000,40522810,40522810,1669522190058,False,True
30218982,5.81000000,1.80000000,40522811,40522811,1669522190526,False,True
30218983,5.81000000,5.16000000,40522812,40522812,1669522190557,False,True
30218984,5.79000000,2.24000000,40522813,40522813,1669522193145,True,True
30218985,5.80000000,2.70000000,40522814,40522814,1669522193779,True,True
30218986,5.80000000,2.93000000,40522815,40522815,1669522194795,True,True
30218987,5.80000000,3.14000000,40522816,40522816,1669522195469,True,True
30218988,5.80000000,21.95000000,40522817,40522817,1669522195480,True,True
30218989,5.81000000,1.98000000,40522818,40522818,1669522216666,False,True
30218990,5.81000000,1.86000000,40522819,40522819,1669522218438,False,True
30218991,5.80000000,1.76000000,40522820,40522820,1669522219038,True,True
30218992,5.80000000,1.38000000,40522821,40522821,1669522219178,True,True
30218993,5.79000000,0.44000000,40522822,40522822,1669522219178,True,True
30218994,5.79000000,25.92000000,40522823,40522823,1669522219614,False,True
30218995,5.79000000,4.35000000,40522824,40522825,1669522229330,False,True
30218996,5.79000000,12.36000000,40522826,40522826,1669522229338,False,True
30218997,5.79000000,3.92000000,40522827,40522827,1669522229412,False,True
30218998,5.78000000,73.13000000,40522828,40522829,1669522232526,True,True
30218999,5.79000000,17.27000000,40522830,40522831,1669522244015,False,True
30219000,5.80000000,240.00000000,40522832,40522837,1669522321869,False,True
30219001,5.79000000,4.44000000,40522838,40522838,1669522329229,True,True
30219002,5.79000000,33.86000000,40522839,40522840,1669522486375,True,True
30219003,5.79000000,3.52000000,40522841,40522841,1669522495568,True,True
30219004,5.79000000,2.00000000,40522842,40522842,1669522501530,True,True
30219005,5.79000000,3.91000000,40522843,40522843,1669522595638,True,True
30219006,5.79000000,4.45000000,40522844,40522844,1669522625941,True,True
30219007,5.79000000,10.83000000,40522845,40522845,1669522646525,True,True
30219008,5.80000000,3.54000000,40522846,40522847,1669522840058,False,True
30219009,5.79000000,267.59000000,40522848,40522857,1669522909312,True,True
30219010,5.80000000,34.04000000,40522858,40522859,1669522940280,False,True
30219011,5.80000000,3.10000000,40522860,40522860,1669522941277,False,True
30219012,5.80000000,82.72000000,40522861,40522863,1669522959156,False,True
30219013,5.80000000,0.01000000,40522864,40522864,1669522959156,False,True
30219014,5.81000000,13.13000000,40522865,40522866,1669523156637,False,True
30219015,5.80000000,71.97000000,40522867,40522868,1669523177543,True,True
30219016,5.80000000,12.56000000,40522869,40522869,1669523177612,False,True
30219017,5.80000000,20.58000000,40522870,40522870,1669523177661,False,True
30219018,5.80000000,20.42000000,40522871,40522871,1669523177760,False,True
30219019,5.80000000,4.62000000,40522872,40522872,1669523177856,False,True
30219020,5.80000000,4.62000000,40522873,40522873,1669523178009,False,True
30219021,5.80000000,2.85000000,40522874,40522874,1669523178010,False,True
30219022,5.80000000,21.04000000,40522875,40522875,1669523178191,False,True
30219023,5.80000000,9.21000000,40522876,40522876,1669523178277,False,True
30219024,5.80000000,18.52000000,40522877,40522877,1669523178324,False,True
30219025,5.80000000,4.62000000,40522878,40522878,1669523178362,False,True
30219026,5.80000000,22.48000000,40522879,40522879,1669523178417,False,True
30219027,5.80000000,21.95000000,40522880,40522880,1669523178423,False,True
30219028,5.80000000,4.62000000,40522881,40522881,1669523178673,False,True
30219029,5.80000000,21.04000000,40522882,40522882,1669523178733,False,True
30219030,5.80000000,4.61000000,40522883,40522883,1669523178780,False,True
30219031,5.80000000,18.20000000,40522884,40522884,1669523178808,False,True
30219032,5.80000000,4.61000000,40522885,40522885,1669523178885,False,True
30219033,5.80000000,18.20000000,40522886,40522886,1669523178885,False,True
30219034,5.80000000,14.26000000,40522887,40522887,1669523178961,False,True
30219035,5.80000000,2.83000000,40522888,40522888,1669523179015,False,True
30219036,5.80000000,2.83000000,40522889,40522889,1669523179037,False,True
30219037,5.80000000,2.83000000,40522890,40522890,1669523179125,False,True
30219038,5.80000000,2.83000000,40522891,40522891,1669523179230,False,True
30219039,5.80000000,2.83000000,40522892,40522892,1669523179315,False,True
30219040,5.80000000,2.83000000,40522893,40522893,1669523179533,False,True
30219041,5.80000000,2.83000000,40522894,40522894,1669523179605,False,True
30219042,5.80000000,2.83000000,40522895,40522895,1669523179684,False,True
30219043,5.80000000,2.83000000,40522896,40522896,1669523179759,False,True
30219044,5.80000000,2.83000000,40522897,40522897,1669523179840,False,True
30219045,5.80000000,13.40000000,40522898,40522898,1669523186414,False,True
30219046,5.81000000,65.70000000,40522899,40522903,1669523188440,False,True
30219047,5.79000000,3.18000000,40522904,40522904,1669523196102,True,True
30219048,5.81000000,2.85000000,40522905,40522905,1669523197726,False,True
30219049,5.81000000,2.85000000,40522906,40522906,1669523197796,False,True
30219050,5.81000000,2.85000000,40522907,40522907,1669523197865,False,True
30219051,5.81000000,2.85000000,40522908,40522908,1669523197938,False,True
30219052,5.81000000,2.85000000,40522909,40522909,1669523198017,False,True
30219053,5.81000000,2.85000000,40522910,40522910,1669523198092,False,True
30219054,5.81000000,2.85000000,40522911,40522911,1669523198298,False,True
30219055,5.80000000,2.38000000,40522912,40522912,1669523199913,True,True
30219056,5.80000000,2.16000000,40522913,40522913,1669523202638,True,True
30219057,5.81000000,4.32000000,40522914,40522914,1669523204367,False,True
30219058,5.81000000,2.85000000,40522915,40522915,1669523205128,False,True
30219059,5.81000000,2.85000000,40522916,40522916,1669523205218,False,True
30219060,5.81000000,2.85000000,40522917,40522917,1669523205459,False,True
30219061,5.81000000,2.85000000,40522918,40522918,1669523205556,False,True
30219062,5.81000000,2.85000000,40522919,40522919,1669523205633,False,True
30219063,5.81000000,2.85000000,40522920,40522920,1669523205709,False,True
30219064,5.81000000,2.85000000,40522921,40522921,1669523205791,False,True
30219065,5.81000000,2.85000000,40522922,40522922,1669523206164,False,True
30219066,5.81000000,2.85000000,40522923,40522923,1669523207272,False,True
30219067,5.80000000,2.33000000,40522924,40522924,1669523260381,True,True
30219068,5.81000000,24.01000000,40522925,40522925,1669523261968,False,True
30219069,5.80000000,16.72000000,40522926,40522927,1669523359675,True,True
30219070,5.81000000,1.73000000,40522928,40522928,1669523417183,False,True
30219071,5.80000000,5.64000000,40522929,40522929,1669523424681,True,True
30219072,5.79000000,259.07000000,40522930,40522931,1669523424681,True,True
30219073,5.79000000,17.27000000,40522932,40522932,1669523424681,True,True
30219074,5.80000000,6.76000000,40522933,40522933,1669523424764,False,True
30219075,5.81000000,10.51000000,40522934,40522934,1669523442569,False,True
30219076,5.80000000,2.82000000,40522935,40522935,1669523516007,True,True
30219077,5.81000000,1.80000000,40522936,40522936,1669523586922,False,True
30219078,5.80000000,3.07000000,40522937,40522937,1669523595048,True,True
30219079,5.81000000,5.70000000,40522938,40522938,1669523597714,False,True
30219080,5.81000000,5.70000000,40522939,40522939,1669523597911,False,True
30219081,5.81000000,1.80000000,40522940,40522940,1669523598924,False,True
30219082,5.81000000,5.70000000,40522941,40522941,1669523600971,False,True
30219083,5.81000000,5.70000000,40522942,40522942,1669523601039,False,True
30219084,5.81000000,5.70000000,40522943,40522943,1669523601241,False,True
30219085,5.81000000,5.70000000,40522944,40522944,1669523601309,False,True
30219086,5.81000000,5.70000000,40522945,40522945,1669523601348,False,True
30219087,5.81000000,5.70000000,40522946,40522947,1669523601416,False,True
30219088,5.81000000,5.70000000,40522948,40522948,1669523601488,False,True
30219089,5.81000000,3.39000000,40522949,40522949,1669523601547,False,True
30219090,5.81000000,24.04000000,40522950,40522951,1669523632568,False,True
30219091,5.81000000,4.08000000,40522952,40522952,1669523637132,False,True
30219092,5.81000000,61.16000000,40522953,40522955,1669523637145,False,True
30219093,5.80000000,60.10000000,40522956,40522957,1669523637194,True,True
30219094,5.80000000,19.46000000,40522958,40522958,1669523677221,True,True
30219095,5.80000000,18.97000000,40522959,40522959,1669523694037,True,True
30219096,5.80000000,10.24000000,40522960,40522960,1669523694130,True,True
30219097,5.81000000,18.53000000,40522961,40522962,1669523846798,False,True
30219098,5.81000000,3.27000000,40522963,40522963,1669523847170,False,True
30219099,5.81000000,36.85000000,40522964,40522964,1669523918162,False,True
30219100,5.82000000,94.32000000,40522965,40522968,1669523939246,False,True
30219101,5.81000000,3.11000000,40522969,40522969,1669523972928,True,True
30219102,5.81000000,3.15000000,40522970,40522970,1669523974595,True,True
30219103,5.82000000,34.41000000,40522971,40522971,1669523976001,False,True
30219104,5.81000000,2.96000000,40522972,40522972,1669523985939,True,True
30219105,5.82000000,57.99000000,40522973,40522973,1669524020534,False,True
30219106,5.81000000,349.21000000,40522974,40522974,1669524032235,True,True
30219107,5.82000000,117.06000000,40522975,40522976,1669524099158,False,True
30219108,5.83000000,230.91000000,40522977,40522983,1669524099158,False,True
30219109,5.82000000,11.88000000,40522984,40522984,1669524099172,True,True
30219110,5.82000000,4.08000000,40522985,40522985,1669524099178,True,True
30219111,5.82000000,99.00000000,40522986,40522986,1669524123609,True,True
30219112,5.82000000,7.13000000,40522987,40522987,1669524123635,True,True
30219113,5.82000000,7.12000000,40522988,40522988,1669524125530,True,True
30219114,5.82000000,2.69000000,40522989,40522989,1669524168147,True,True
30219115,5.83000000,175.33000000,40522990,40522990,1669524196536,False,True
30219116,5.83000000,78.19000000,40522991,40522993,1669524222448,False,True
30219117,5.83000000,207.66000000,40522994,40522994,1669524222453,True,True
30219118,5.83000000,82.18000000,40522995,40522995,1669524222464,True,True
30219119,5.83000000,2.40000000,40522996,40522996,1669524224061,True,True
30219120,5.83000000,3.17000000,40522997,40522997,1669524225395,True,True
30219121,5.83000000,2.00000000,40522998,40522998,1669524226378,True,True
30219122,5.83000000,2.98000000,40522999,40522999,1669524227059,True,True
30219123,5.84000000,16.11000000,40523000,40523001,1669524255928,False,True
30219124,5.83000000,2.40000000,40523002,40523002,1669524272215,True,True
30219125,5.83000000,2.43000000,40523003,40523003,1669524272879,True,True
30219126,5.83000000,3.10000000,40523004,40523004,1669524273580,True,True
30219127,5.83000000,2.90000000,40523005,40523005,1669524274231,True,True
30219128,5.84000000,99.00000000,40523006,40523008,1669524281818,False,True
30219129,5.84000000,7.13000000,40523009,40523009,1669524281827,False,True
30219130,5.83000000,2.27000000,40523010,40523010,1669524286428,True,True
30219131,5.84000000,82.18000000,40523011,40523011,1669524286451,False,True
30219132,5.83000000,3.11000000,40523012,40523012,1669524287705,True,True
30219133,5.83000000,3.14000000,40523013,40523013,1669524288180,True,True
30219134,5.83000000,3.12000000,40523014,40523014,1669524288399,True,True
30219135,5.83000000,3.14000000,40523015,40523015,1669524289242,True,True
30219136,5.83000000,3.14000000,40523016,40523016,1669524289306,True,True
30219137,5.83000000,3.14000000,40523017,40523017,1669524289710,True,True
30219138,5.83000000,3.12000000,40523018,40523018,1669524289781,True,True
30219139,5.83000000,3.14000000,40523019,40523019,1669524296200,True,True
30219140,5.83000000,74.46000000,40523020,40523021,1669524305708,True,True
30219141,5.82000000,2.36000000,40523022,40523022,1669524348986,True,True
30219142,5.83000000,47.42000000,40523023,40523024,1669524382724,False,True
30219143,5.83000000,0.01000000,40523025,40523025,1669524382727,False,True
30219144,5.84000000,94.04000000,40523026,40523026,1669524413038,False,True
30219145,5.83000000,2.18000000,40523027,40523027,1669524422284,True,True
30219146,5.83000000,27.83000000,40523028,40523028,1669524433263,True,True
30219147,5.82000000,43.87000000,40523029,40523031,1669524433263,True,True
30219148,5.83000000,23.67000000,40523032,40523032,1669524433298,False,True
30219149,5.83000000,4.58000000,40523033,40523033,1669524433338,False,True
30219150,5.84000000,8.87000000,40523034,40523034,1669524441270,False,True
30219151,5.83000000,2.86000000,40523035,40523035,1669524452080,True,True
30219152,5.84000000,222.81000000,40523036,40523039,1669524478982,False,True
30219153,5.84000000,12.83000000,40523040,40523040,1669524479000,True,True
30219154,5.84000000,14.13000000,40523041,40523041,1669524479072,True,True
30219155,5.84000000,20.08000000,40523042,40523042,1669524479110,True,True
30219156,5.84000000,14.12000000,40523043,40523043,1669524479136,True,True
30219157,5.84000000,14.12000000,40523044,40523044,1669524479178,True,True
30219158,5.84000000,8.52000000,40523045,40523045,1669524479206,True,True
30219159,5.84000000,2.84000000,40523046,40523046,1669524597243,True,True
30219160,5.84000000,3.14000000,40523047,40523047,1669524646840,True,True
30219161,5.84000000,2.77000000,40523048,40523048,1669524647551,True,True
30219162,5.84000000,59.28000000,40523049,40523049,1669524657947,True,True
30219163,5.84000000,3.53000000,40523050,40523050,1669524720755,True,True
30219164,5.84000000,149.67000000,40523051,40523052,1669524728239,True,True
30219165,5.84000000,23.63000000,40523053,40523053,1669524728264,False,True
30219166,5.83000000,78.79000000,40523054,40523055,1669524745671,True,True
30219167,5.83000000,37.92000000,40523056,40523056,1669524745733,False,True
30219168,5.83000000,95.20000000,40523057,40523058,1669524750835,True,True
30219169,5.83000000,23.67000000,40523059,40523059,1669524750846,False,True
30219170,5.83000000,175.32000000,40523060,40523060,1669524750861,False,True
30219171,5.83000000,23.67000000,40523061,40523061,1669524750881,False,True
30219172,5.83000000,8.57000000,40523062,40523062,1669524801347,False,True
30219173,5.83000000,8.57000000,40523063,40523064,1669524801375,False,True
30219174,5.83000000,55.11000000,40523065,40523065,1669524874410,False,True
30219175,5.84000000,155.66000000,40523066,40523069,1669524878780,False,True
30219176,5.84000000,17.85000000,40523070,40523070,1669524878810,False,True
30219177,5.83000000,2.81000000,40523071,40523071,1669524890406,True,True
30219178,5.84000000,3.42000000,40523072,40523072,1669524912322,False,True
30219179,5.84000000,2.88000000,40523073,40523073,1669524931624,False,True
30219180,5.83000000,3.03000000,40523074,40523074,1669525014653,True,True
30219181,5.83000000,10.61000000,40523075,40523075,1669525049048,True,True
30219182,5.83000000,19.30000000,40523076,40523076,1669525049060,False,True
30219183,5.83000000,3.53000000,40523077,40523077,1669525057021,False,True
30219184,5.82000000,91.55000000,40523078,40523081,1669525094437,True,True
30219185,5.82000000,23.71000000,40523082,40523082,1669525094448,False,True
30219186,5.81000000,146.26000000,40523083,40523086,1669525118728,True,True
30219187,5.81000000,32.01000000,40523087,40523087,1669525136436,True,True
30219188,5.81000000,2.35000000,40523088,40523088,1669525186592,False,True
30219189,5.82000000,2.86000000,40523089,40523089,1669525197009,False,True
30219190,5.80000000,3.45000000,40523090,40523090,1669525222962,True,True
30219191,5.80000000,60.59000000,40523091,40523094,1669525251777,True,True
30219192,5.79000000,10.54000000,40523095,40523096,1669525251777,True,True
30219193,5.81000000,23.75000000,40523097,40523097,1669525252981,False,True
30219194,5.81000000,8.61000000,40523098,40523098,1669525253289,False,True
30219195,5.81000000,3.44000000,40523099,40523099,1669525253506,False,True
30219196,5.80000000,6.11000000,40523100,40523100,1669525277987,True,True
30219197,5.80000000,68.88000000,40523101,40523102,1669525528711,True,True
30219198,5.80000000,4.73000000,40523103,40523103,1669525630371,False,True
30219199,5.79000000,63.03000000,40523104,40523105,1669525665476,True,True
30219200,5.79000000,74.46000000,40523106,40523107,1669525674293,False,True
30219201,5.78000000,207.74000000,40523108,40523112,1669525678822,True,True
30219202,5.78000000,1.76000000,40523113,40523113,1669525681495,False,True
30219203,5.79000000,33.00000000,40523114,40523116,1669525683099,False,True
30219204,5.78000000,4.02000000,40523117,40523117,1669525704805,False,True
30219205,5.78000000,115.66000000,40523118,40523119,1669525704807,False,True
30219206,5.77000000,304.02000000,40523120,40523124,1669525713944,True,True
30219207,5.77000000,202.27000000,40523125,40523125,1669525713981,False,True
30219208,5.76000000,132.00000000,40523126,40523129,1669525713996,True,True
30219209,5.76000000,57.04000000,40523130,40523132,1669525714020,True,True
30219210,5.76000000,1.97000000,40523133,40523133,1669525717260,False,True
30219211,5.76000000,42.27000000,40523134,40523135,1669525719441,False,True
30219212,5.76000000,2.74000000,40523136,40523136,1669525722064,False,True
30219213,5.76000000,33.00000000,40523137,40523137,1669525725117,False,True
30219214,5.76000000,62.16000000,40523138,40523139,1669525725127,False,True
30219215,5.76000000,56.46000000,40523140,40523140,1669525732993,True,True
30219216,5.76000000,57.48000000,40523141,40523142,1669525746096,False,True
30219217,5.75000000,20.01000000,40523143,40523143,1669525746407,True,True
30219218,5.75000000,48.44000000,40523144,40523145,1669525746941,True,True
30219219,5.77000000,2.36000000,40523146,40523146,1669525754273,False,True
30219220,5.75000000,602.24000000,40523147,40523151,1669525760270,True,True
30219221,5.75000000,24.00000000,40523152,40523152,1669525760281,False,True
30219222,5.74000000,33.00000000,40523153,40523153,1669525760335,True,True
30219223,5.75000000,34.42000000,40523154,40523154,1669525762305,False,True
30219224,5.76000000,2.80000000,40523155,40523155,1669525784910,False,True
30219225,5.76000000,2.78000000,40523156,40523156,1669525785564,False,True
30219226,5.76000000,3.47000000,40523157,40523157,1669525785949,False,True
30219227,5.76000000,1.82000000,40523158,40523158,1669525785965,False,True
30219228,5.76000000,37.74000000,40523159,40523159,1669525785979,False,True
30219229,5.77000000,3.12000000,40523160,40523160,1669525787829,False,True
30219230,5.77000000,1.81000000,40523161,40523161,1669525788958,False,True
30219231,5.77000000,1.81000000,40523162,40523162,1669525788972,False,True
30219232,5.76000000,42.27000000,40523163,40523163,1669525819397,True,True
30219233,5.77000000,2.25000000,40523164,40523164,1669525846589,False,True
30219234,5.75000000,234.11000000,40523165,40523167,1669525847728,True,True
30219235,5.76000000,1.76000000,40523168,40523168,1669525877225,False,True
30219236,5.76000000,3.10000000,40523169,40523169,1669525897864,False,True
30219237,5.76000000,2.93000000,40523170,40523170,1669525898503,False,True
30219238,5.76000000,1.99000000,40523171,40523171,1669525899170,False,True
30219239,5.76000000,3.07000000,40523172,40523172,1669525899834,False,True
30219240,5.76000000,2.17000000,40523173,40523173,1669525901818,False,True
30219241,5.76000000,3.02000000,40523174,40523174,1669525902456,False,True
30219242,5.76000000,2.87000000,40523175,40523175,1669525905164,False,True
30219243,5.76000000,2.84000000,40523176,40523176,1669525905813,False,True
30219244,5.76000000,2.41000000,40523177,40523177,1669525907154,False,True
30219245,5.76000000,10.00000000,40523178,40523178,1669525911648,False,True
30219246,5.76000000,10.00000000,40523179,40523179,1669525911661,False,True
30219247,5.75000000,25.02000000,40523180,40523181,1669526083100,True,True
30219248,5.75000000,3.52000000,40523182,40523182,1669526093301,True,True
30219249,5.75000000,1.76000000,40523183,40523183,1669526141551,True,True
30219250,5.76000000,2.00000000,40523184,40523184,1669526150611,False,True
30219251,5.76000000,19.35000000,40523185,40523186,1669526240646,False,True
30219252,5.76000000,3.33000000,40523187,40523187,1669526241576,False,True
30219253,5.76000000,3.45000000,40523188,40523188,1669526245342,False,True
30219254,5.75000000,3.47000000,40523189,40523190,1669526272511,True,True
30219255,5.76000000,3.48000000,40523191,40523191,1669526291126,False,True
30219256,5.76000000,8.27000000,40523192,40523192,1669526326867,False,True
30219257,5.77000000,4.96000000,40523193,40523193,1669526326867,False,True
30219258,5.75000000,17.42000000,40523194,40523195,1669526345292,True,True
30219259,5.76000000,25.29000000,40523196,40523196,1669526345305,False,True
30219260,5.75000000,15.07000000,40523197,40523197,1669526345306,True,True
30219261,5.75000000,132.00000000,40523198,40523198,1669526345339,True,True
30219262,5.75000000,15.07000000,40523199,40523199,1669526345355,True,True
30219263,5.75000000,7.15000000,40523200,40523200,1669526345363,True,True
30219264,5.75000000,3.47000000,40523201,40523201,1669526368279,True,True
30219265,5.75000000,15.73000000,40523202,40523202,1669526368288,True,True
30219266,5.74000000,82.74000000,40523203,40523204,1669526408144,True,True
30219267,5.73000000,88.03000000,40523205,40523209,1669526408144,True,True
30219268,5.74000000,2.00000000,40523210,40523210,1669526412985,False,True
30219269,5.74000000,15.53000000,40523211,40523211,1669526418341,False,True
30219270,5.74000000,2.66000000,40523212,40523212,1669526442632,False,True
30219271,5.74000000,2.35000000,40523213,40523213,1669526443311,False,True
30219272,5.74000000,2.38000000,40523214,40523214,1669526443956,False,True
30219273,5.73000000,3.49000000,40523215,40523216,1669526470993,True,True
30219274,5.74000000,2.94000000,40523217,40523217,1669526485414,False,True
30219275,5.73000000,12.89000000,40523218,40523218,1669526522159,True,True
30219276,5.74000000,68.33000000,40523219,40523219,1669526552370,False,True
30219277,5.74000000,2.22000000,40523220,40523220,1669526563169,False,True
30219278,5.74000000,3.00000000,40523221,40523221,1669526563836,False,True
30219279,5.74000000,3.03000000,40523222,40523222,1669526565791,False,True
30219280,5.73000000,3.49000000,40523223,40523223,1669526566023,True,True
30219281,5.74000000,185.73000000,40523224,40523224,1669526644460,False,True
30219282,5.74000000,92.35000000,40523225,40523225,1669526644485,False,True
30219283,5.74000000,85.71000000,40523226,40523226,1669526662339,False,True
30219284,5.73000000,5.00000000,40523227,40523227,1669526666474,True,True
30219285,5.73000000,2.36000000,40523228,40523228,1669526698112,True,True
30219286,5.74000000,2.66000000,40523229,40523229,1669526698555,False,True
30219287,5.73000000,3.49000000,40523230,40523230,1669526699991,True,True
30219288,5.73000000,1.90000000,40523231,40523231,1669526713089,True,True
30219289,5.74000000,3.46000000,40523232,40523232,1669526775483,False,True
30219290,5.73000000,3.49000000,40523233,40523233,1669526785510,True,True
30219291,5.73000000,28.83000000,40523234,40523234,1669526805010,True,True
30219292,5.74000000,3.03000000,40523235,40523235,1669526822619,False,True
30219293,5.73000000,3.49000000,40523236,40523236,1669526890197,True,True
30219294,5.74000000,2.44000000,40523237,40523237,1669526899509,False,True
30219295,5.74000000,4.90000000,40523238,40523238,1669526909074,False,True
30219296,5.74000000,11.93000000,40523239,40523239,1669526950362,False,True
30219297,5.74000000,7.76000000,40523240,40523240,1669526950384,False,True
30219298,5.73000000,3.49000000,40523241,40523241,1669526977408,True,True
30219299,5.74000000,2.89000000,40523242,40523242,1669527043404,False,True
30219300,5.73000000,13.08000000,40523243,40523243,1669527049028,True,True
30219301,5.74000000,12.43000000,40523244,40523244,1669527105631,False,True
30219302,5.74000000,3.00000000,40523245,40523245,1669527113371,False,True
30219303,5.74000000,2.06000000,40523246,40523246,1669527116507,False,True
30219304,5.73000000,3.49000000,40523247,40523247,1669527118138,True,True
30219305,5.74000000,3.49000000,40523248,40523248,1669527171700,False,True
30219306,5.73000000,3.49000000,40523249,40523249,1669527222110,True,True
30219307,5.74000000,195.64000000,40523250,40523251,1669527236100,False,True
30219308,5.75000000,185.40000000,40523252,40523256,1669527236100,False,True
30219309,5.76000000,54.72000000,40523257,40523258,1669527236100,False,True
30219310,5.77000000,109.75000000,40523259,40523262,1669527236100,False,True
30219311,5.77000000,77.60000000,40523263,40523263,1669527236109,True,True
30219312,5.77000000,37.92000000,40523264,40523264,1669527236109,True,True
30219313,5.77000000,55.64000000,40523265,40523265,1669527236110,True,True
30219314,5.77000000,189.86000000,40523266,40523266,1669527236110,True,True
30219315,5.77000000,37.56000000,40523267,40523267,1669527236111,True,True
30219316,5.77000000,1043.44000000,40523268,40523268,1669527236112,True,True
30219317,5.77000000,38.63000000,40523269,40523269,1669527236116,True,True
30219318,5.78000000,15.73000000,40523270,40523270,1669527236116,False,True
30219319,5.77000000,6.22000000,40523271,40523271,1669527236128,True,True
30219320,5.78000000,47.08000000,40523272,40523272,1669527236180,True,True
30219321,5.79000000,238.23000000,40523273,40523274,1669527236183,False,True
30219322,5.80000000,283.95000000,40523275,40523277,1669527236183,False,True
30219323,5.81000000,11.36000000,40523278,40523278,1669527236183,False,True
30219324,5.82000000,220.50000000,40523279,40523280,1669527236183,False,True
30219325,5.81000000,62.26000000,40523281,40523282,1669527236216,False,True
30219326,5.82000000,11.73000000,40523283,40523283,1669527236216,False,True
30219327,5.81000000,47.06000000,40523284,40523284,1669527236245,True,True
30219328,5.82000000,81.42000000,40523285,40523286,1669527236268,False,True
30219329,5.81000000,34.42000000,40523287,40523287,1669527237003,True,True
30219330,5.80000000,59.45000000,40523288,40523289,1669527240399,True,True
30219331,5.79000000,38.52000000,40523290,40523292,1669527240399,True,True
30219332,5.81000000,1.80000000,40523293,40523293,1669527241366,False,True
30219333,5.79000000,1.99000000,40523294,40523294,1669527242475,True,True
30219334,5.80000000,2.84000000,40523295,40523295,1669527244363,True,True
30219335,5.80000000,3.44000000,40523296,40523296,1669527247928,True,True
30219336,5.81000000,2.94000000,40523297,40523297,1669527257995,False,True
30219337,5.80000000,3.47000000,40523298,40523298,1669527258158,True,True
30219338,5.80000000,2.21000000,40523299,40523299,1669527271846,True,True
30219339,5.80000000,2.73000000,40523300,40523300,1669527272493,True,True
30219340,5.80000000,2.99000000,40523301,40523301,1669527273171,True,True
30219341,5.80000000,2.65000000,40523302,40523302,1669527273845,True,True
30219342,5.80000000,2.65000000,40523303,40523303,1669527274532,True,True
30219343,5.80000000,2.37000000,40523304,40523304,1669527275176,True,True
30219344,5.80000000,3.02000000,40523305,40523305,1669527275855,True,True
30219345,5.80000000,3.02000000,40523306,40523306,1669527276502,True,True
30219346,5.80000000,2.83000000,40523307,40523307,1669527277159,True,True
30219347,5.80000000,3.01000000,40523308,40523308,1669527278556,True,True
30219348,5.80000000,2.34000000,40523309,40523309,1669527279223,True,True
30219349,5.80000000,2.88000000,40523310,40523310,1669527279885,True,True
30219350,5.80000000,3.13000000,40523311,40523311,1669527288426,True,True
30219351,5.79000000,1.20000000,40523312,40523312,1669527288426,True,True
30219352,5.79000000,4.00000000,40523313,40523313,1669527292173,True,True
30219353,5.81000000,2.63000000,40523314,40523314,1669527343483,False,True
30219354,5.79000000,3.45000000,40523315,40523315,1669527345319,True,True
30219355,5.80000000,152.97000000,40523316,40523318,1669527398929,False,True
30219356,5.81000000,459.37000000,40523319,40523322,1669527398929,False,True
30219357,5.82000000,46.62000000,40523323,40523323,1669527398929,False,True
30219358,5.83000000,422.08000000,40523324,40523324,1669527398929,False,True
30219359,5.84000000,1444.43000000,40523325,40523325,1669527398929,False,True
30219360,5.81000000,3.87000000,40523326,40523326,1669527399087,True,True
30219361,5.81000000,47.80000000,40523327,40523328,1669527399115,True,True
30219362,5.82000000,9.13000000,40523329,40523329,1669527399201,True,True
30219363,5.82000000,30.51000000,40523330,40523330,1669527399242,True,True
30219364,5.82000000,17.15000000,40523331,40523331,1669527399260,True,True
30219365,5.81000000,21.00000000,40523332,40523332,1669527399285,True,True
30219366,5.80000000,91.49000000,40523333,40523335,1669527400217,True,True
30219367,5.80000000,56.42000000,40523336,40523337,1669527401298,True,True
30219368,5.79000000,41.08000000,40523338,40523339,1669527401529,True,True
30219369,5.80000000,8.29000000,40523340,40523340,1669527423692,True,True
30219370,5.80000000,3.44000000,40523341,40523341,1669527443990,True,True
30219371,5.81000000,37.18000000,40523342,40523343,1669527450903,False,True
30219372,5.82000000,114.46000000,40523344,40523347,1669527450903,False,True
30219373,5.83000000,196.27000000,40523348,40523351,1669527450903,False,True
30219374,5.84000000,39.06000000,40523352,40523352,1669527450903,False,True
30219375,5.81000000,36.19000000,40523353,40523353,1669527450921,True,True
30219376,5.82000000,23.78000000,40523354,40523354,1669527450931,True,True
30219377,5.82000000,10.58000000,40523355,40523355,1669527450937,True,True
30219378,5.81000000,56.24000000,40523356,40523357,1669527451312,True,True
30219379,5.80000000,2.85000000,40523358,40523358,1669527452882,True,True
30219380,5.80000000,2.77000000,40523359,40523359,1669527464637,True,True
30219381,5.80000000,3.09000000,40523360,40523360,1669527516064,True,True
30219382,5.80000000,3.44000000,40523361,40523361,1669527554586,True,True
30219383,5.80000000,2.92000000,40523362,40523362,1669527564787,True,True
30219384,5.80000000,2.04000000,40523363,40523363,1669527618297,True,True
30219385,5.80000000,2.16000000,40523364,40523364,1669527637864,True,True
30219386,5.80000000,3.44000000,40523365,40523365,1669527645514,True,True
30219387,5.80000000,3.44000000,40523366,40523366,1669527747769,True,True
30219388,5.80000000,153.90000000,40523367,40523371,1669527773801,True,True
30219389,5.80000000,1.96000000,40523372,40523372,1669527836922,True,True
30219390,5.80000000,3.44000000,40523373,40523373,1669527849232,True,True
30219391,5.80000000,17.56000000,40523374,40523374,1669527887361,True,True
30219392,5.80000000,11.29000000,40523375,40523376,1669527887379,True,True
30219393,5.81000000,3.44000000,40523377,40523377,1669527900401,False,True
30219394,5.80000000,2.79000000,40523378,40523378,1669527939372,True,True
30219395,5.80000000,6.91000000,40523379,40523379,1669528053033,True,True
30219396,5.81000000,112.83000000,40523380,40523382,1669528106769,False,True
30219397,5.82000000,88.74000000,40523383,40523386,1669528106784,False,True
30219398,5.81000000,34.42000000,40523387,40523387,1669528106833,True,True
30219399,5.81000000,17.21000000,40523388,40523388,1669528106868,False,True
30219400,5.81000000,3.48000000,40523389,40523389,1669528111004,True,True
30219401,5.81000000,3.44000000,40523390,40523390,1669528113148,True,True
30219402,5.82000000,82.18000000,40523391,40523392,1669528128414,False,True
30219403,5.81000000,2.40000000,40523393,40523393,1669528130446,True,True
30219404,5.81000000,8.76000000,40523394,40523394,1669528131440,True,True
30219405,5.81000000,6.88000000,40523395,40523395,1669528133197,False,True
30219406,5.81000000,5.25000000,40523396,40523396,1669528170766,True,True
30219407,5.81000000,24.33000000,40523397,40523398,1669528171071,True,True
30219408,5.80000000,3.44000000,40523399,40523399,1669528224506,True,True
30219409,5.80000000,1.79000000,40523400,40523400,1669528237960,True,True
30219410,5.80000000,73.44000000,40523401,40523403,1669528347722,True,True
30219411,5.79000000,57.60000000,40523404,40523406,1669528347722,True,True
30219412,5.79000000,17.27000000,40523407,40523407,1669528347742,True,True
30219413,5.80000000,20.96000000,40523408,40523408,1669528348758,False,True
30219414,5.79000000,3.45000000,40523409,40523410,1669528359632,True,True
30219415,5.80000000,15.22000000,40523411,40523411,1669528431605,False,True
30219416,5.79000000,34.72000000,40523412,40523412,1669528452969,True,True
30219417,5.78000000,3.46000000,40523413,40523413,1669528511894,True,True
30219418,5.80000000,3.53000000,40523414,40523414,1669528548037,False,True
30219419,5.80000000,1.81000000,40523415,40523415,1669528548633,False,True
30219420,5.80000000,17.24000000,40523416,40523417,1669528582397,False,True
30219421,5.80000000,69.68000000,40523418,40523420,1669528589300,False,True
30219422,5.79000000,2.86000000,40523421,40523421,1669528589423,True,True
30219423,5.79000000,2.57000000,40523422,40523422,1669528617041,True,True
30219424,5.79000000,25.86000000,40523423,40523424,1669528624939,True,True
30219425,5.78000000,3.46000000,40523425,40523425,1669528666299,True,True
30219426,5.78000000,30.00000000,40523426,40523426,1669528667967,True,True
30219427,5.80000000,1.87000000,40523427,40523427,1669528727199,False,True
30219428,5.78000000,4.35000000,40523428,40523428,1669528752565,True,True
30219429,5.78000000,80.00000000,40523429,40523433,1669528766402,True,True
30219430,5.78000000,3.45000000,40523434,40523434,1669528822843,True,True
30219431,5.78000000,3.46000000,40523435,40523435,1669528831042,True,True
30219432,5.79000000,17.25000000,40523436,40523436,1669528876880,False,True
30219433,5.79000000,3.53000000,40523437,40523437,1669528876885,False,True
30219434,5.79000000,12.88000000,40523438,40523438,1669528881982,False,True
30219435,5.78000000,12.88000000,40523439,40523439,1669528882025,True,True
30219436,5.79000000,10.57000000,40523440,40523440,1669528884005,False,True
30219437,5.78000000,9.19000000,40523441,40523441,1669528884031,True,True
30219438,5.79000000,48.02000000,40523442,40523443,1669528886980,False,True
30219439,5.78000000,13.40000000,40523444,40523446,1669528887028,True,True
30219440,5.78000000,3.46000000,40523447,40523447,1669528988427,True,True
30219441,5.78000000,87.63000000,40523448,40523450,1669529075558,True,True
30219442,5.77000000,17.33000000,40523451,40523452,1669529075563,True,True
30219443,5.77000000,17.33000000,40523453,40523453,1669529075566,True,True
30219444,5.78000000,16.81000000,40523454,40523454,1669529076670,False,True
30219445,5.78000000,50.99000000,40523455,40523457,1669529076826,False,True
30219446,5.78000000,28.59000000,40523458,40523458,1669529081887,False,True
30219447,5.77000000,17.41000000,40523459,40523459,1669529081913,True,True
30219448,5.77000000,3.46000000,40523460,40523460,1669529152695,True,True
30219449,5.79000000,170.99000000,40523461,40523465,1669529167754,False,True
30219450,5.79000000,17.24000000,40523466,40523466,1669529167763,False,True
30219451,5.80000000,41.83000000,40523467,40523469,1669529167861,False,True
30219452,5.80000000,17.50000000,40523470,40523470,1669529199847,False,True
30219453,5.80000000,69.48000000,40523471,40523473,1669529199865,False,True
30219454,5.80000000,399.85000000,40523474,40523475,1669529206377,True,True
30219455,5.81000000,42.73000000,40523476,40523477,1669529207044,False,True
30219456,5.82000000,122.51000000,40523478,40523481,1669529207044,False,True
30219457,5.83000000,59.45000000,40523482,40523484,1669529207044,False,True
30219458,5.84000000,231.93000000,40523485,40523486,1669529207044,False,True
30219459,5.84000000,231.56000000,40523487,40523487,1669529207075,False,True
30219460,5.85000000,150.06000000,40523488,40523491,1669529207075,False,True
30219461,5.81000000,5.36000000,40523492,40523492,1669529207103,True,True
30219462,5.84000000,81.32000000,40523493,40523494,1669529208039,False,True
30219463,5.85000000,13.56000000,40523495,40523495,1669529208039,False,True
30219464,5.82000000,44.37000000,40523496,40523497,1669529208176,True,True
30219465,5.82000000,41.24000000,40523498,40523498,1669529208470,True,True
30219466,5.81000000,30.25000000,40523499,40523499,1669529208470,True,True
30219467,5.81000000,3.44000000,40523500,40523500,1669529232712,True,True
30219468,5.81000000,3.46000000,40523501,40523501,1669529233404,True,True
30219469,5.81000000,1.81000000,40523502,40523502,1669529233422,True,True
30219470,5.81000000,3.06000000,40523503,40523504,1669529244944,True,True
30219471,5.81000000,221.29000000,40523505,40523510,1669529245771,True,True
30219472,5.81000000,17.14000000,40523511,40523511,1669529245832,False,True
30219473,5.81000000,7.36000000,40523512,40523512,1669529245862,False,True
30219474,5.81000000,4.21000000,40523513,40523513,1669529245870,True,True
30219475,5.80000000,103.92000000,40523514,40523516,1669529261008,True,True
30219476,5.79000000,114.47000000,40523517,40523520,1669529261008,True,True
30219477,5.79000000,27.41000000,40523521,40523521,1669529261015,False,True
30219478,5.81000000,3.06000000,40523522,40523522,1669529301647,False,True
30219479,5.79000000,2.10000000,40523523,40523523,1669529331371,True,True
30219480,5.79000000,87.26000000,40523524,40523526,1669529353295,True,True
30219481,5.81000000,4.30000000,40523527,40523527,1669529396236,False,True
30219482,5.79000000,5.00000000,40523528,40523528,1669529397993,True,True
30219483,5.79000000,3.45000000,40523529,40523529,1669529398582,True,True
30219484,5.79000000,162.04000000,40523530,40523532,1669529412849,True,True
30219485,5.79000000,5.00000000,40523533,40523533,1669529519411,True,True
30219486,5.79000000,3.45000000,40523534,40523534,1669529550692,True,True
30219487,5.79000000,30.65000000,40523535,40523535,1669529593517,True,True
30219488,5.81000000,97.81000000,40523536,40523539,1669529658577,False,True
30219489,5.82000000,27.65000000,40523540,40523540,1669529658577,False,True
30219490,5.80000000,39.70000000,40523541,40523542,1669529665565,True,True
30219491,5.80000000,3.44000000,40523543,40523543,1669529693080,True,True
30219492,5.81000000,55.42000000,40523544,40523545,1669529722696,False,True
30219493,5.82000000,6.44000000,40523546,40523546,1669529722696,False,True
30219494,5.82000000,75.32000000,40523547,40523549,1669529745687,False,True
30219495,5.83000000,96.53000000,40523550,40523552,1669529745687,False,True
30219496,5.82000000,15.38000000,40523553,40523553,1669529745834,True,True
30219497,5.82000000,10.61000000,40523554,40523554,1669529745840,True,True
30219498,5.82000000,29.74000000,40523555,40523555,1669529745923,True,True
30219499,5.81000000,3.44000000,40523556,40523556,1669529802454,True,True
30219500,5.82000000,19.16000000,40523557,40523557,1669529808150,False,True
30219501,5.82000000,5.50000000,40523558,40523558,1669529809130,False,True
30219502,5.81000000,3.11000000,40523559,40523559,1669529814519,True,True
30219503,5.82000000,22.80000000,40523560,40523561,1669529837871,False,True
30219504,5.82000000,7.70000000,40523562,40523562,1669529837882,True,True
30219505,5.83000000,12.79000000,40523563,40523563,1669529840618,False,True
30219506,5.82000000,2.14000000,40523564,40523564,1669529855628,True,True
30219507,5.81000000,20.55000000,40523565,40523565,1669529855628,True,True
30219508,5.82000000,1.87000000,40523566,40523566,1669529856654,False,True
30219509,5.80000000,85.65000000,40523567,40523567,1669529867027,True,True
30219510,5.80000000,99.90000000,40523568,40523568,1669529876123,True,True
30219511,5.80000000,1.98000000,40523569,40523569,1669529892866,True,True
30219512,5.80000000,10.27000000,40523570,40523570,1669529962157,True,True
30219513,5.80000000,3.44000000,40523571,40523571,1669529974990,True,True
30219514,5.82000000,18.18000000,40523572,40523572,1669529994663,False,True
30219515,5.80000000,3.44000000,40523573,40523573,1669530137277,True,True
30219516,5.80000000,50.01000000,40523574,40523574,1669530264624,True,True
30219517,5.81000000,7.13000000,40523575,40523575,1669530267017,False,True
30219518,5.81000000,8.72000000,40523576,40523576,1669530267078,False,True
30219519,5.81000000,8.46000000,40523577,40523577,1669530267141,False,True
30219520,5.80000000,3.44000000,40523578,40523578,1669530318431,True,True
30219521,5.80000000,3.07000000,40523579,40523579,1669530347559,True,True
30219522,5.82000000,3.44000000,40523580,40523580,1669530378006,False,True
30219523,5.80000000,3.50000000,40523581,40523581,1669530443375,True,True
