30198861,6.83000000,2.21000000,40487998,40487998,1669334436443,False,True
30198862,6.82000000,18.41000000,40487999,40488000,1669334472813,True,True
30198863,6.81000000,1.81000000,40488001,40488001,1669334542241,True,True
30198864,6.81000000,5.59000000,40488002,40488002,1669334580584,True,True
30198865,6.81000000,155.00000000,40488003,40488004,1669334582522,True,True
30198866,6.80000000,1118.92000000,40488005,40488007,1669334582522,True,True
30198867,6.81000000,17.33000000,40488008,40488009,1669334600693,False,True
30198868,6.81000000,15.01000000,40488010,40488011,1669334600706,False,True
30198869,6.81000000,45.33000000,40488012,40488013,1669334603563,True,True
30198870,6.80000000,19.65000000,40488014,40488014,1669334603563,True,True
30198871,6.81000000,2.70000000,40488015,40488015,1669334612171,False,True
30198872,6.81000000,3.09000000,40488016,40488016,1669334614388,False,True
30198873,6.81000000,2.89000000,40488017,40488017,1669334624455,False,True
30198874,6.81000000,3.01000000,40488018,40488018,1669334635078,False,True
30198875,6.81000000,4.69000000,40488019,40488019,1669334699441,False,True
30198876,6.81000000,107.01000000,40488020,40488023,1669334750464,False,True
30198877,6.82000000,71.12000000,40488024,40488026,1669334750466,False,True
30198878,6.83000000,137.25000000,40488027,40488031,1669334761916,False,True
30198879,6.84000000,201.14000000,40488032,40488038,1669334761916,False,True
30198880,6.85000000,57.58000000,40488039,40488039,1669334761924,False,True
30198881,6.85000000,33.00000000,40488040,40488041,1669334761927,False,True
30198882,6.85000000,7.54000000,40488042,40488042,1669334761931,False,True
30198883,6.84000000,8.52000000,40488043,40488043,1669334761938,True,True
30198884,6.85000000,52.02000000,40488044,40488046,1669334763726,False,True
30198885,6.85000000,20.51000000,40488047,40488048,1669334763735,False,True
30198886,6.85000000,56.87000000,40488049,40488050,1669334764273,True,True
30198887,6.84000000,14.66000000,40488051,40488051,1669334764274,True,True
30198888,6.84000000,85.97000000,40488052,40488054,1669334773474,True,True
30198889,6.83000000,59.95000000,40488055,40488057,1669334797985,True,True
30198890,6.83000000,16.15000000,40488058,40488059,1669334808076,False,True
30198891,6.84000000,69.92000000,40488060,40488062,1669334808076,False,True
30198892,6.85000000,300.18000000,40488063,40488068,1669334808076,False,True
30198893,6.86000000,2601.55000000,40488069,40488072,1669334808076,False,True
30198894,6.84000000,42.27000000,40488073,40488073,1669334808836,True,True
30198895,6.85000000,42.27000000,40488074,40488074,1669334811294,False,True
30198896,6.87000000,18.02000000,40488075,40488075,1669334827096,False,True
30198897,6.85000000,2.42000000,40488076,40488076,1669334844861,True,True
30198898,6.85000000,8.03000000,40488077,40488077,1669334870253,True,True
30198899,6.87000000,121.36000000,40488078,40488082,1669334873561,False,True
30198900,6.88000000,49.42000000,40488083,40488093,1669334873561,False,True
30198901,6.89000000,147.53000000,40488094,40488098,1669334873561,False,True
30198902,6.89000000,502.46000000,40488099,40488100,1669334873563,False,True
30198903,6.87000000,4.13000000,40488101,40488101,1669334873600,True,True
30198904,6.88000000,4.13000000,40488102,40488102,1669334873622,True,True
30198905,6.88000000,22.55000000,40488103,40488103,1669334873625,True,True
30198906,6.88000000,4.06000000,40488104,40488104,1669334873680,True,True
30198907,6.88000000,2.69000000,40488105,40488106,1669334898485,True,True
30198908,6.88000000,2.49000000,40488107,40488107,1669334899781,True,True
30198909,6.88000000,1.53000000,40488108,40488108,1669334900461,True,True
30198910,6.88000000,18.77000000,40488109,40488110,1669334931365,True,True
30198911,6.88000000,9.65000000,40488111,40488111,1669334979602,False,True
30198912,6.87000000,2.22000000,40488112,40488112,1669334981865,True,True
30198913,6.87000000,87.41000000,40488113,40488116,1669334998226,True,True
30198914,6.86000000,143.06000000,40488117,40488121,1669334998226,True,True
30198915,6.86000000,40.61000000,40488122,40488122,1669334998231,False,True
30198916,6.86000000,22.74000000,40488123,40488123,1669334998236,False,True
30198917,6.86000000,4.89000000,40488124,40488124,1669334998243,False,True
30198918,6.86000000,4.20000000,40488125,40488125,1669335007700,True,True
30198919,6.88000000,7.26000000,40488126,40488126,1669335011068,False,True
30198920,6.86000000,2.25000000,40488127,40488127,1669335041574,True,True
30198921,6.88000000,6.23000000,40488128,40488128,1669335042146,False,True
30198922,6.86000000,55.50000000,40488129,40488131,1669335049660,True,True
30198923,6.85000000,33.38000000,40488132,40488134,1669335049660,True,True
30198924,6.85000000,14.59000000,40488135,40488135,1669335049663,True,True
30198925,6.86000000,13.17000000,40488136,40488136,1669335049683,True,True
30198926,6.84000000,26.26000000,40488137,40488137,1669335049802,False,True
30198927,6.84000000,7.26000000,40488138,40488139,1669335049812,False,True
30198928,6.85000000,5.39000000,40488140,40488140,1669335050859,False,True
30198929,6.85000000,5.39000000,40488141,40488141,1669335050893,False,True
30198930,6.85000000,49.03000000,40488142,40488144,1669335051897,False,True
30198931,6.85000000,23.90000000,40488145,40488145,1669335053258,False,True
30198932,6.85000000,2.41000000,40488146,40488146,1669335053283,False,True
30198933,6.84000000,2.08000000,40488147,40488147,1669335053303,True,True
30198934,6.83000000,0.33000000,40488148,40488148,1669335053303,True,True
30198935,6.85000000,18.76000000,40488149,40488150,1669335056951,False,True
30198936,6.85000000,3.48000000,40488151,40488151,1669335074593,True,True
30198937,6.86000000,73.08000000,40488152,40488155,1669335078407,False,True
30198938,6.87000000,29.13000000,40488156,40488157,1669335078438,False,True
30198939,6.86000000,3.48000000,40488158,40488158,1669335078439,True,True
30198940,6.87000000,3.45000000,40488159,40488159,1669335078476,True,True
30198941,6.88000000,1.05000000,40488160,40488160,1669335112749,False,True
30198942,6.88000000,2.49000000,40488161,40488162,1669335112834,True,True
30198943,6.88000000,2.95000000,40488163,40488163,1669335130764,True,True
30198944,6.88000000,28.37000000,40488164,40488166,1669335166980,True,True
30198945,6.87000000,29.12000000,40488167,40488168,1669335173757,True,True
30198946,6.86000000,43.77000000,40488169,40488171,1669335173757,True,True
30198947,6.86000000,14.57000000,40488172,40488173,1669335173758,True,True
30198948,6.86000000,3.79000000,40488174,40488174,1669335173768,True,True
30198949,6.85000000,11.07000000,40488175,40488175,1669335173769,True,True
30198950,6.84000000,3.45000000,40488176,40488176,1669335173769,True,True
30198951,6.85000000,14.69000000,40488177,40488177,1669335173776,True,True
30198952,6.84000000,195.80000000,40488178,40488179,1669335173776,True,True
30198953,6.83000000,58.14000000,40488180,40488191,1669335173776,True,True
30198954,6.82000000,587.60000000,40488192,40488193,1669335173776,True,True
30198955,6.85000000,9.59000000,40488194,40488194,1669335175909,False,True
30198956,6.85000000,3.33000000,40488195,40488195,1669335223505,False,True
30198957,6.85000000,3.33000000,40488196,40488196,1669335227321,False,True
30198958,6.85000000,3.33000000,40488197,40488197,1669335227358,False,True
30198959,6.85000000,2.42000000,40488198,40488198,1669335231833,False,True
30198960,6.85000000,4.59000000,40488199,40488199,1669335271166,False,True
30198961,6.85000000,35.78000000,40488200,40488202,1669335271180,False,True
30198962,6.85000000,3.07000000,40488203,40488203,1669335271205,False,True
30198963,6.84000000,12.18000000,40488204,40488204,1669335365947,True,True
30198964,6.84000000,3.00000000,40488205,40488206,1669335369026,True,True
30198965,6.86000000,32.01000000,40488207,40488209,1669335407731,False,True
30198966,6.87000000,1.55000000,40488210,40488210,1669335407731,False,True
30198967,6.85000000,2.70000000,40488211,40488211,1669335415375,True,True
30198968,6.85000000,14.64000000,40488212,40488212,1669335489948,True,True
30198969,6.85000000,14.61000000,40488213,40488213,1669335489951,True,True
30198970,6.85000000,69.59000000,40488214,40488216,1669335549854,True,True
30198971,6.85000000,4.02000000,40488217,40488217,1669335550057,False,True
30198972,6.86000000,83.54000000,40488218,40488220,1669335550059,False,True
30198973,6.87000000,12.24000000,40488221,40488221,1669335653525,False,True
30198974,6.86000000,69.41000000,40488222,40488226,1669335695128,True,True
30198975,6.86000000,2.06000000,40488227,40488227,1669335728350,False,True
30198976,6.84000000,2.09000000,40488228,40488228,1669335764240,True,True
30198977,6.84000000,1.72000000,40488229,40488229,1669335764883,True,True
30198978,6.84000000,14.64000000,40488230,40488230,1669335804897,True,True
30198979,6.84000000,17.44000000,40488231,40488232,1669335815602,True,True
30198980,6.83000000,88.65000000,40488233,40488236,1669335850861,True,True
30198981,6.82000000,287.48000000,40488237,40488251,1669335850861,True,True
30198982,6.81000000,574.40000000,40488252,40488257,1669335850861,True,True
30198983,6.80000000,497.73000000,40488258,40488261,1669335850861,True,True
30198984,6.80000000,397.61000000,40488262,40488262,1669335850867,False,True
30198985,6.80000000,9.75000000,40488263,40488263,1669335850869,False,True
30198986,6.80000000,49.93000000,40488264,40488264,1669335850871,False,True
30198987,6.80000000,9.75000000,40488265,40488265,1669335850872,False,True
30198988,6.80000000,9.75000000,40488266,40488266,1669335850872,False,True
30198989,6.80000000,9.75000000,40488267,40488267,1669335850875,False,True
30198990,6.80000000,308.95000000,40488268,40488268,1669335850875,False,True
30198991,6.80000000,9.75000000,40488269,40488269,1669335850875,False,True
30198992,6.80000000,9.75000000,40488270,40488270,1669335850876,False,True
30198993,6.80000000,17.35000000,40488271,40488271,1669335850878,False,True
30198994,6.79000000,39.72000000,40488272,40488272,1669335850951,True,True
30198995,6.79000000,38.85000000,40488273,40488273,1669335850951,True,True
30198996,6.79000000,66.00000000,40488274,40488274,1669335850954,True,True
30198997,6.79000000,33.00000000,40488275,40488275,1669335850960,True,True
30198998,6.79000000,14.10000000,40488276,40488277,1669335850963,True,True
30198999,6.79000000,18.53000000,40488278,40488278,1669335850972,True,True
30199000,6.79000000,4.02000000,40488279,40488279,1669335850974,True,True
30199001,6.79000000,14.88000000,40488280,40488280,1669335850975,True,True
30199002,6.79000000,42.27000000,40488281,40488281,1669335850991,False,True
30199003,6.79000000,2.30000000,40488282,40488282,1669335851038,False,True
30199004,6.78000000,3.33000000,40488283,40488284,1669335851250,True,True
30199005,6.78000000,55.09000000,40488285,40488286,1669335852327,True,True
30199006,6.79000000,86.31000000,40488287,40488289,1669335853163,False,True
30199007,6.79000000,62.00000000,40488290,40488292,1669335856471,False,True
30199008,6.79000000,1.54000000,40488293,40488293,1669335857425,False,True
30199009,6.78000000,66.10000000,40488294,40488297,1669335858377,True,True
30199010,6.77000000,122.50000000,40488298,40488314,1669335858377,True,True
30199011,6.76000000,46.97000000,40488315,40488320,1669335858377,True,True
30199012,6.75000000,360.98000000,40488321,40488332,1669335858377,True,True
30199013,6.74000000,472.56000000,40488333,40488337,1669335858377,True,True
30199014,6.74000000,8.72000000,40488338,40488338,1669335865271,False,True
30199015,6.74000000,75.09000000,40488339,40488340,1669335865283,False,True
30199016,6.73000000,25.47000000,40488341,40488343,1669335865895,True,True
30199017,6.72000000,18.27000000,40488344,40488347,1669335865895,True,True
30199018,6.72000000,26.72000000,40488348,40488348,1669335865895,True,True
30199019,6.74000000,2.08000000,40488349,40488349,1669335866666,False,True
30199020,6.74000000,1.71000000,40488350,40488350,1669335867309,False,True
30199021,6.74000000,3.00000000,40488351,40488351,1669335867375,False,True
30199022,6.74000000,3.85000000,40488352,40488352,1669335867415,False,True
30199023,6.74000000,1.55000000,40488353,40488353,1669335867422,False,True
30199024,6.74000000,5.87000000,40488354,40488354,1669335867431,False,True
30199025,6.74000000,1.55000000,40488355,40488356,1669335867437,False,True
30199026,6.72000000,29.49000000,40488357,40488358,1669335871034,True,True
30199027,6.72000000,5.05000000,40488359,40488359,1669335871046,False,True
30199028,6.72000000,6.51000000,40488360,40488360,1669335871062,False,True
30199029,6.72000000,4.46000000,40488361,40488361,1669335871414,False,True
30199030,6.72000000,14.88000000,40488362,40488362,1669335871415,False,True
30199031,6.72000000,1.56000000,40488363,40488363,1669335871424,False,True
30199032,6.72000000,2.97000000,40488364,40488364,1669335871426,False,True
30199033,6.72000000,1.63000000,40488365,40488365,1669335871429,False,True
30199034,6.72000000,2.97000000,40488366,40488366,1669335871444,False,True
30199035,6.72000000,1.78000000,40488367,40488367,1669335871444,False,True
30199036,6.72000000,76.89000000,40488368,40488368,1669335874413,False,True
30199037,6.72000000,175.60000000,40488369,40488370,1669335874424,False,True
30199038,6.73000000,2.40000000,40488371,40488371,1669335876800,False,True
30199039,6.73000000,2.64000000,40488372,40488372,1669335946161,False,True
30199040,6.73000000,2.59000000,40488373,40488373,1669335948637,False,True
30199041,6.73000000,36.48000000,40488374,40488376,1669335965308,False,True
30199042,6.74000000,61.09000000,40488377,40488380,1669335991786,False,True
30199043,6.76000000,2.20000000,40488381,40488381,1669335995420,False,True
30199044,6.76000000,3.03000000,40488382,40488382,1669335996528,False,True
30199045,6.76000000,1.55000000,40488383,40488383,1669335996556,False,True
30199046,6.76000000,1.55000000,40488384,40488384,1669335996558,False,True
30199047,6.76000000,2.66000000,40488385,40488385,1669335996682,False,True
30199048,6.76000000,14.79000000,40488386,40488387,1669336024163,False,True
30199049,6.75000000,4.59000000,40488388,40488388,1669336048743,True,True
30199050,6.76000000,2.23000000,40488389,40488389,1669336081639,False,True
30199051,6.75000000,2.04000000,40488390,40488390,1669336094831,True,True
30199052,6.75000000,2.58000000,40488391,40488391,1669336119743,True,True
30199053,6.76000000,2.45000000,40488392,40488392,1669336148359,False,True
30199054,6.76000000,11.44000000,40488393,40488393,1669336162196,False,True
30199055,6.76000000,25.60000000,40488394,40488395,1669336162328,False,True
30199056,6.77000000,1.47000000,40488396,40488396,1669336175133,False,True
30199057,6.77000000,54.64000000,40488397,40488400,1669336262636,False,True
30199058,6.78000000,45.36000000,40488401,40488402,1669336262636,False,True
30199059,6.77000000,1.47000000,40488403,40488403,1669336345943,True,True
30199060,6.77000000,12.23000000,40488404,40488404,1669336374992,True,True
30199061,6.77000000,5.86000000,40488405,40488405,1669336435199,True,True
30199062,6.77000000,27.81000000,40488406,40488408,1669336438397,True,True
30199063,6.78000000,1.77000000,40488409,40488410,1669336446524,False,True
30199064,6.77000000,19.87000000,40488411,40488411,1669336476671,True,True
30199065,6.78000000,2.91000000,40488412,40488412,1669336538542,False,True
30199066,6.77000000,1.62000000,40488413,40488413,1669336600227,True,True
30199067,6.78000000,2.75000000,40488414,40488414,1669336607112,False,True
30199068,6.77000000,2.63000000,40488415,40488415,1669336708308,True,True
30199069,6.77000000,145.62000000,40488416,40488420,1669337081446,True,True
30199070,6.76000000,127.15000000,40488421,40488426,1669337161301,True,True
30199071,6.75000000,66.45000000,40488427,40488429,1669337161301,True,True
30199072,6.75000000,3.64000000,40488430,40488430,1669337161309,False,True
30199073,6.75000000,3.64000000,40488431,40488431,1669337161309,False,True
30199074,6.75000000,3.64000000,40488432,40488432,1669337161310,False,True
30199075,6.75000000,3.64000000,40488433,40488433,1669337161310,False,True
30199076,6.75000000,13.40000000,40488434,40488434,1669337161310,False,True
30199077,6.77000000,1.97000000,40488435,40488435,1669337173471,False,True
30199078,6.76000000,4.00000000,40488436,40488436,1669337239487,True,True
30199079,6.77000000,81.24000000,40488437,40488440,1669337239696,False,True
30199080,6.78000000,10.51000000,40488441,40488442,1669337239705,False,True
30199081,6.78000000,51.66000000,40488443,40488444,1669337239706,False,True
30199082,6.79000000,117.41000000,40488445,40488449,1669337239715,False,True
30199083,6.80000000,48.89000000,40488450,40488452,1669337239737,False,True
30199084,6.80000000,35.19000000,40488453,40488453,1669337239758,False,True
30199085,6.79000000,31.14000000,40488454,40488455,1669337239806,True,True
30199086,6.79000000,2.50000000,40488456,40488456,1669337239811,True,True
30199087,6.79000000,2.50000000,40488457,40488457,1669337239812,True,True
30199088,6.79000000,2.50000000,40488458,40488458,1669337239813,True,True
30199089,6.79000000,31.14000000,40488459,40488460,1669337239826,True,True
30199090,6.79000000,16.34000000,40488461,40488462,1669337239826,True,True
30199091,6.78000000,14.80000000,40488463,40488463,1669337239826,True,True
30199092,6.80000000,3.93000000,40488464,40488464,1669337368750,True,True
30199093,6.80000000,2.43000000,40488465,40488465,1669337371831,True,True
30199094,6.81000000,12.56000000,40488466,40488468,1669337447495,False,True
30199095,6.81000000,2.65000000,40488469,40488469,1669337450952,False,True
30199096,6.81000000,2.00000000,40488470,40488470,1669337461267,False,True
30199097,6.80000000,2.90000000,40488471,40488471,1669337513649,True,True
30199098,6.80000000,1.77000000,40488472,40488472,1669337513965,True,True
30199099,6.80000000,1.55000000,40488473,40488473,1669337513975,True,True
30199100,6.80000000,2.64000000,40488474,40488475,1669337517171,True,True
30199101,6.80000000,36.66000000,40488476,40488476,1669337524900,True,True
30199102,6.80000000,1.99000000,40488477,40488477,1669337575569,True,True
30199103,6.80000000,2.56000000,40488478,40488478,1669337604461,True,True
30199104,6.81000000,36.85000000,40488479,40488480,1669337661044,False,True
30199105,6.80000000,2.39000000,40488481,40488481,1669337665222,True,True
30199106,6.81000000,16.59000000,40488482,40488483,1669337669078,False,True
30199107,6.81000000,2.06000000,40488484,40488484,1669337670477,True,True
30199108,6.81000000,64.98000000,40488485,40488486,1669337800751,True,True
30199109,6.80000000,35.01000000,40488487,40488488,1669337800751,True,True
30199110,6.79000000,33.46000000,40488489,40488490,1669337800751,True,True
30199111,6.82000000,2.56000000,40488491,40488491,1669337999653,False,True
30199112,6.80000000,2.65000000,40488492,40488492,1669338015090,True,True
30199113,6.80000000,2.96000000,40488493,40488493,1669338015506,True,True
30199114,6.80000000,1.62000000,40488494,40488494,1669338015517,True,True
30199115,6.82000000,1.73000000,40488495,40488495,1669338100086,False,True
30199116,6.80000000,1.50000000,40488496,40488496,1669338211631,True,True
30199117,6.80000000,50.64000000,40488497,40488499,1669338232516,True,True
30199118,6.80000000,27.09000000,40488500,40488501,1669338269305,True,True
30199119,6.79000000,30.32000000,40488502,40488502,1669338269305,True,True
30199120,6.79000000,76.70000000,40488503,40488505,1669338320513,True,True
30199121,6.78000000,46.02000000,40488506,40488507,1669338320513,True,True
30199122,6.79000000,20.00000000,40488508,40488508,1669338358630,False,True
30199123,6.79000000,21.39000000,40488509,40488510,1669338358641,False,True
30199124,6.79000000,4.45000000,40488511,40488511,1669338367814,False,True
30199125,6.80000000,14.00000000,40488512,40488512,1669338516600,False,True
30199126,6.79000000,248.14000000,40488513,40488517,1669338523651,True,True
30199127,6.79000000,5.76000000,40488518,40488519,1669338528232,False,True
30199128,6.79000000,1.72000000,40488520,40488520,1669338537350,True,True
30199129,6.79000000,56.52000000,40488521,40488522,1669338672491,True,True
30199130,6.78000000,91.46000000,40488523,40488523,1669338672491,True,True
30199131,6.80000000,10.00000000,40488524,40488524,1669338971033,False,True
30199132,6.80000000,4.70000000,40488525,40488525,1669338990826,False,True
30199133,6.81000000,1.70000000,40488526,40488526,1669339069818,False,True
30199134,6.80000000,2.44000000,40488527,40488527,1669339281305,True,True
30199135,6.81000000,2.25000000,40488528,40488528,1669339284008,False,True
30199136,6.81000000,2.02000000,40488529,40488529,1669339306082,False,True
30199137,6.80000000,3.13000000,40488530,40488530,1669339338126,True,True
30199138,6.80000000,5.89000000,40488531,40488531,1669339503768,True,True
30199139,6.80000000,1.69000000,40488532,40488532,1669339540928,True,True
30199140,6.81000000,2.05000000,40488533,40488533,1669339596863,False,True
30199141,6.80000000,2.00000000,40488534,40488534,1669339629933,True,True
30199142,6.80000000,303.96000000,40488535,40488536,1669339781958,True,True
30199143,6.79000000,293.46000000,40488537,40488540,1669339781958,True,True
30199144,6.78000000,226.34000000,40488541,40488542,1669339781958,True,True
30199145,6.79000000,23.87000000,40488543,40488543,1669339782029,False,True
30199146,6.79000000,17.38000000,40488544,40488544,1669339782042,False,True
30199147,6.79000000,20.55000000,40488545,40488545,1669339783022,False,True
30199148,6.79000000,18.97000000,40488546,40488546,1669339784039,False,True
30199149,6.79000000,17.52000000,40488547,40488547,1669339785095,False,True
30199150,6.79000000,1.68000000,40488548,40488548,1669339824424,False,True
30199151,6.79000000,2.30000000,40488549,40488549,1669339839991,False,True
30199152,6.79000000,36.67000000,40488550,40488552,1669339878916,False,True
30199153,6.79000000,3.13000000,40488553,40488553,1669339879483,False,True
30199154,6.79000000,41.23000000,40488554,40488555,1669339917153,False,True
30199155,6.79000000,8.19000000,40488556,40488557,1669339919807,False,True
30199156,6.79000000,27.20000000,40488558,40488559,1669339919831,False,True
30199157,6.79000000,14.93000000,40488560,40488560,1669339919852,False,True
30199158,6.79000000,8.22000000,40488561,40488561,1669340011537,True,True
30199159,6.78000000,2.22000000,40488562,40488562,1669340075519,True,True
30199160,6.79000000,8.91000000,40488563,40488563,1669340203379,False,True
30199161,6.79000000,10.11000000,40488564,40488565,1669340225275,False,True
30199162,6.79000000,0.01000000,40488566,40488566,1669340225279,False,True
30199163,6.81000000,2.42000000,40488567,40488567,1669340254355,False,True
30199164,6.81000000,2.93000000,40488568,40488568,1669340254658,False,True
30199165,6.81000000,23.90000000,40488569,40488570,1669340256408,False,True
30199166,6.81000000,2.43000000,40488571,40488571,1669340278692,False,True
30199167,6.81000000,2.43000000,40488572,40488572,1669340288863,False,True
30199168,6.81000000,2.43000000,40488573,40488574,1669340303511,False,True
30199169,6.82000000,2.00000000,40488575,40488575,1669340317950,False,True
30199170,6.80000000,52.24000000,40488576,40488579,1669340358676,True,True
30199171,6.80000000,3.80000000,40488580,40488580,1669340358706,False,True
30199172,6.80000000,29.41000000,40488581,40488581,1669340358708,False,True
30199173,6.81000000,19.86000000,40488582,40488582,1669340490611,False,True
30199174,6.81000000,7.80000000,40488583,40488583,1669340584713,False,True
30199175,6.81000000,12.08000000,40488584,40488584,1669340585004,False,True
30199176,6.80000000,14.72000000,40488585,40488587,1669340631894,True,True
30199177,6.80000000,5.76000000,40488588,40488588,1669340631898,True,True
30199178,6.80000000,18.88000000,40488589,40488590,1669340634124,False,True
30199179,6.79000000,78.68000000,40488591,40488593,1669340695328,True,True
30199180,6.78000000,461.74000000,40488594,40488594,1669340695328,True,True
30199181,6.79000000,17.38000000,40488595,40488595,1669340695470,False,True
30199182,6.79000000,6.23000000,40488596,40488596,1669340695503,False,True
30199183,6.79000000,6.23000000,40488597,40488597,1669340695506,False,True
30199184,6.78000000,239.99000000,40488598,40488598,1669340709845,True,True
30199185,6.78000000,7.34000000,40488599,40488599,1669341075370,True,True
30199186,6.78000000,32.96000000,40488600,40488600,1669341179524,True,True
30199187,6.78000000,1.67000000,40488601,40488601,1669341200936,True,True
30199188,6.78000000,15.00000000,40488602,40488602,1669341230058,True,True
30199189,6.78000000,1.99000000,40488603,40488603,1669341284490,True,True
30199190,6.78000000,74.31000000,40488604,40488604,1669341321727,True,True
30199191,6.78000000,2.19000000,40488605,40488605,1669341557381,True,True
30199192,6.78000000,1.86000000,40488606,40488606,1669341577158,True,True
30199193,6.78000000,149.46000000,40488607,40488607,1669341652443,True,True
30199194,6.78000000,396.00000000,40488608,40488611,1669341803635,True,True
30199195,6.78000000,66.00000000,40488612,40488612,1669341803642,True,True
30199196,6.78000000,29.71000000,40488613,40488613,1669341835751,True,True
30199197,6.77000000,2.29000000,40488614,40488614,1669341840141,True,True
30199198,6.77000000,2.04000000,40488615,40488615,1669341842495,True,True
30199199,6.77000000,1.70000000,40488616,40488616,1669341862444,True,True
30199200,6.77000000,77.01000000,40488617,40488617,1669341889206,True,True
30199201,6.77000000,1.98000000,40488618,40488618,1669341913735,True,True
30199202,6.77000000,29.60000000,40488619,40488619,1669341936485,True,True
30199203,6.79000000,1.64000000,40488620,40488620,1669341960903,False,True
30199204,6.78000000,2.13000000,40488621,40488621,1669341972794,True,True
30199205,6.78000000,31.52000000,40488622,40488623,1669341977382,True,True
30199206,6.77000000,195.39000000,40488624,40488624,1669341977382,True,True
30199207,6.78000000,5.27000000,40488625,40488625,1669341979005,False,True
30199208,6.78000000,5.26000000,40488626,40488626,1669341979012,False,True
30199209,6.77000000,2.89000000,40488627,40488627,1669341979054,True,True
30199210,6.77000000,1.63000000,40488628,40488628,1669342123997,True,True
30199211,6.78000000,1.97000000,40488629,40488629,1669342247022,False,True
30199212,6.77000000,7.26000000,40488630,40488630,1669342269416,True,True
30199213,6.78000000,21.90000000,40488631,40488631,1669342269526,False,True
30199214,6.78000000,12.32000000,40488632,40488632,1669342269661,False,True
30199215,6.79000000,21.19000000,40488633,40488634,1669342269685,False,True
30199216,6.79000000,12.99000000,40488635,40488636,1669342269712,False,True
30199217,6.79000000,9.28000000,40488637,40488638,1669342269742,False,True
30199218,6.77000000,14.77000000,40488639,40488639,1669342276485,True,True
30199219,6.79000000,2.02000000,40488640,40488640,1669342309441,False,True
30199220,6.78000000,6.16000000,40488641,40488641,1669342309648,False,True
30199221,6.77000000,56.38000000,40488642,40488642,1669342439974,True,True
30199222,6.78000000,123.15000000,40488643,40488643,1669342514885,False,True
30199223,6.78000000,5.90000000,40488644,40488644,1669342514891,False,True
30199224,6.78000000,2.43000000,40488645,40488645,1669342514897,False,True
30199225,6.77000000,44.13000000,40488646,40488646,1669342538506,True,True
30199226,6.78000000,10.11000000,40488647,40488647,1669342543801,False,True
30199227,6.78000000,123.21000000,40488648,40488648,1669342543802,False,True
30199228,6.77000000,123.21000000,40488649,40488649,1669342543824,True,True
30199229,6.77000000,30.66000000,40488650,40488650,1669342599585,True,True
30199230,6.78000000,1.97000000,40488651,40488651,1669342615447,False,True
30199231,6.78000000,88.56000000,40488652,40488652,1669342658289,False,True
30199232,6.78000000,87.29000000,40488653,40488653,1669342658299,False,True
30199233,6.77000000,88.47000000,40488654,40488654,1669342805733,True,True
30199234,6.77000000,4.15000000,40488655,40488655,1669342813635,True,True
30199235,6.77000000,1.96000000,40488656,40488656,1669342838065,True,True
30199236,6.77000000,11.73000000,40488657,40488657,1669342883808,True,True
30199237,6.77000000,99.90000000,40488658,40488658,1669343111924,True,True
30199238,6.77000000,1.69000000,40488659,40488659,1669343246649,True,True
30199239,6.77000000,1.70000000,40488660,40488660,1669343313190,True,True
30199240,6.79000000,1.54000000,40488661,40488661,1669343351684,False,True
30199241,6.79000000,14.73000000,40488662,40488663,1669343374944,False,True
30199242,6.77000000,2.31000000,40488664,40488664,1669343379993,True,True
30199243,6.77000000,5.00000000,40488665,40488665,1669343460797,True,True
30199244,6.77000000,127.45000000,40488666,40488666,1669343475026,True,True
30199245,6.77000000,68.83000000,40488667,40488667,1669343544441,True,True
30199246,6.79000000,11.61000000,40488668,40488668,1669343768833,False,True
30199247,6.77000000,152.25000000,40488669,40488669,1669343874895,True,True
30199248,6.77000000,14.97000000,40488670,40488670,1669343894591,True,True
30199249,6.79000000,2.20000000,40488671,40488671,1669344166408,False,True
30199250,6.78000000,35.12000000,40488672,40488674,1669344251516,True,True
30199251,6.78000000,5.92000000,40488675,40488675,1669344251535,False,True
30199252,6.78000000,36.35000000,40488676,40488676,1669344251591,False,True
30199253,6.79000000,14.74000000,40488677,40488677,1669344261715,False,True
30199254,6.77000000,1057.96000000,40488678,40488678,1669344275071,True,True
30199255,6.78000000,3.08000000,40488679,40488679,1669344275334,False,True
30199256,6.79000000,46.41000000,40488680,40488681,1669344275800,False,True
30199257,6.79000000,1.54000000,40488682,40488682,1669344374141,False,True
30199258,6.79000000,1.54000000,40488683,40488683,1669344374165,False,True
30199259,6.79000000,2.80000000,40488684,40488684,1669344551685,True,True
30199260,6.80000000,119.42000000,40488685,40488689,1669344643197,False,True
30199261,6.81000000,65.26000000,40488690,40488691,1669344643197,False,True
30199262,6.80000000,2.06000000,40488692,40488692,1669344655754,True,True
30199263,6.81000000,1.76000000,40488693,40488693,1669344656292,False,True
30199264,6.81000000,2.93000000,40488694,40488695,1669344656301,False,True
30199265,6.80000000,2.54000000,40488696,40488696,1669344826321,True,True
30199266,6.80000000,14.72000000,40488697,40488698,1669344875173,True,True
30199267,6.80000000,10.30000000,40488699,40488700,1669344875176,True,True
30199268,6.80000000,12.69000000,40488701,40488701,1669344875438,True,True
30199269,6.81000000,2.93000000,40488702,40488702,1669344875557,False,True
30199270,6.79000000,2.06000000,40488703,40488703,1669345008037,True,True
30199271,6.79000000,59.79000000,40488704,40488706,1669345202507,True,True
30199272,6.78000000,133.74000000,40488707,40488713,1669345202507,True,True
30199273,6.77000000,2799.08000000,40488714,40488714,1669345202507,True,True
30199274,6.78000000,12.23000000,40488715,40488715,1669345202537,True,True
30199275,6.78000000,1.47000000,40488716,40488716,1669345211121,True,True
30199276,6.79000000,17.38000000,40488717,40488718,1669345496084,False,True
30199277,6.79000000,17.38000000,40488719,40488720,1669345496108,False,True
30199278,6.79000000,6.90000000,40488721,40488721,1669345496130,False,True
30199279,6.78000000,62.46000000,40488722,40488724,1669345690699,True,True
30199280,6.78000000,74.92000000,40488725,40488730,1669345993995,True,True
30199281,6.77000000,14.77000000,40488731,40488731,1669345994004,True,True
30199282,6.78000000,14.29000000,40488732,40488732,1669345995328,False,True
30199283,6.78000000,2.43000000,40488733,40488733,1669345997344,False,True
30199284,6.78000000,20.09000000,40488734,40488734,1669346004294,False,True
30199285,6.79000000,5.73000000,40488735,40488735,1669346301321,False,True
30199286,6.79000000,5.73000000,40488736,40488736,1669346370273,False,True
30199287,6.78000000,17.91000000,40488737,40488739,1669346420066,True,True
30199288,6.77000000,119.90000000,40488740,40488740,1669346871936,True,True
30199289,6.77000000,1.96000000,40488741,40488741,1669347050934,True,True
30199290,6.78000000,44.65000000,40488742,40488743,1669347141254,False,True
30199291,6.79000000,75.75000000,40488744,40488747,1669347141254,False,True
30199292,6.79000000,6.44000000,40488748,40488748,1669347297067,False,True
30199293,6.79000000,6.42000000,40488749,40488749,1669347343814,False,True
30199294,6.79000000,144.91000000,40488750,40488750,1669347366450,False,True
30199295,6.79000000,209.35000000,40488751,40488755,1669347488799,False,True
30199296,6.80000000,190.86000000,40488756,40488769,1669347488799,False,True
30199297,6.80000000,27.34000000,40488770,40488770,1669347488813,True,True
30199298,6.80000000,8.87000000,40488771,40488771,1669347488834,True,True
30199299,6.80000000,100.52000000,40488772,40488772,1669347488838,True,True
30199300,6.80000000,72.59000000,40488773,40488774,1669347488848,True,True
30199301,6.78000000,59.58000000,40488775,40488778,1669347701147,True,True
30199302,6.80000000,2.11000000,40488779,40488779,1669347879226,False,True
30199303,6.78000000,2.06000000,40488780,40488780,1669347888859,True,True
30199304,6.78000000,37.65000000,40488781,40488784,1669348066245,True,True
30199305,6.77000000,146.71000000,40488785,40488785,1669348066245,True,True
30199306,6.79000000,9.97000000,40488786,40488786,1669348203506,False,True
30199307,6.78000000,4.50000000,40488787,40488787,1669348231348,True,True
30199308,6.79000000,5.89000000,40488788,40488789,1669348234634,False,True
30199309,6.79000000,116.31000000,40488790,40488792,1669348393385,False,True
30199310,6.78000000,9.36000000,40488793,40488793,1669348394891,True,True
30199311,6.78000000,7.22000000,40488794,40488796,1669348405294,True,True
30199312,6.78000000,43.14000000,40488797,40488797,1669348407850,True,True
30199313,6.78000000,29.23000000,40488798,40488798,1669348473648,True,True
30199314,6.79000000,2.37000000,40488799,40488799,1669348545847,False,True
30199315,6.78000000,7.40000000,40488800,40488800,1669348567695,True,True
30199316,6.78000000,9.64000000,40488801,40488801,1669348631594,True,True
30199317,6.78000000,1.49000000,40488802,40488802,1669348706143,True,True
30199318,6.79000000,33.99000000,40488803,40488805,1669348706189,False,True
30199319,6.79000000,1.68000000,40488806,40488806,1669348781602,False,True
30199320,6.78000000,120.28000000,40488807,40488810,1669348890179,True,True
30199321,6.79000000,4.79000000,40488811,40488811,1669349038162,False,True
30199322,6.79000000,13.20000000,40488812,40488814,1669349040076,False,True
30199323,6.78000000,45.65000000,40488815,40488815,1669349189810,True,True
30199324,6.80000000,61.02000000,40488816,40488818,1669349197706,False,True
30199325,6.80000000,118.86000000,40488819,40488819,1669349216838,False,True
30199326,6.80000000,243.59000000,40488820,40488822,1669349680389,False,True
30199327,6.80000000,13.03000000,40488823,40488823,1669349680400,True,True
30199328,6.81000000,4.00000000,40488824,40488824,1669349681687,True,True
30199329,6.81000000,4.08000000,40488825,40488825,1669349681755,True,True
30199330,6.81000000,4.08000000,40488826,40488826,1669349681810,True,True
30199331,6.81000000,4.08000000,40488827,40488827,1669349681862,True,True
30199332,6.81000000,4.37000000,40488828,40488828,1669349681880,True,True
30199333,6.81000000,4.00000000,40488829,40488829,1669349681919,True,True
30199334,6.81000000,4.27000000,40488830,40488830,1669349682186,True,True
30199335,6.81000000,1.95000000,40488831,40488831,1669349760388,True,True
30199336,6.81000000,31.10000000,40488832,40488833,1669349760394,True,True
30199337,6.80000000,2.50000000,40488834,40488834,1669350165374,True,True
30199338,6.82000000,62.49000000,40488835,40488841,1669350212682,False,True
30199339,6.82000000,2.19000000,40488842,40488842,1669350214639,False,True
30199340,6.81000000,2.00000000,40488843,40488843,1669350226236,True,True
30199341,6.82000000,24.85000000,40488844,40488849,1669350253409,False,True
30199342,6.82000000,9.95000000,40488850,40488852,1669350289489,False,True
30199343,6.83000000,136.46000000,40488853,40488858,1669350289489,False,True
30199344,6.82000000,18.62000000,40488859,40488859,1669350290135,True,True
30199345,6.82000000,1.50000000,40488860,40488860,1669350326874,True,True
30199346,6.82000000,2.22000000,40488861,40488861,1669350475151,True,True
30199347,6.82000000,5.72000000,40488862,40488862,1669350535857,True,True
30199348,6.83000000,3.54000000,40488863,40488863,1669350594802,False,True
30199349,6.83000000,69.10000000,40488864,40488869,1669350594811,False,True
30199350,6.82000000,1.96000000,40488870,40488870,1669350606396,True,True
30199351,6.82000000,1.90000000,40488871,40488871,1669350607122,True,True
30199352,6.83000000,1.90000000,40488872,40488872,1669350726411,False,True
30199353,6.83000000,40.11000000,40488873,40488881,1669350738164,False,True
30199354,6.84000000,158.14000000,40488882,40488886,1669350738164,False,True
30199355,6.85000000,211.68000000,40488887,40488890,1669350738164,False,True
30199356,6.86000000,357.12000000,40488891,40488896,1669350738164,False,True
30199357,6.84000000,2.12000000,40488897,40488897,1669350738211,True,True
30199358,6.84000000,57.46000000,40488898,40488900,1669350738460,True,True
30199359,6.84000000,4.05000000,40488901,40488901,1669350738469,True,True
30199360,6.84000000,4.05000000,40488902,40488902,1669350738484,True,True
30199361,6.84000000,5.45000000,40488903,40488903,1669350738502,True,True
30199362,6.83000000,1.77000000,40488904,40488904,1669350741586,True,True
30199363,6.83000000,2.36000000,40488905,40488905,1669350742246,True,True
30199364,6.83000000,1.67000000,40488906,40488906,1669350748365,True,True
30199365,6.83000000,1.55000000,40488907,40488907,1669350749181,True,True
30199366,6.83000000,8.49000000,40488908,40488909,1669350749186,True,True
30199367,6.83000000,3.07000000,40488910,40488910,1669350749191,True,True
30199368,6.83000000,3.02000000,40488911,40488911,1669350749220,True,True
30199369,6.83000000,26.77000000,40488912,40488913,1669350778316,True,True
30199370,6.83000000,27.00000000,40488914,40488915,1669350816370,False,True
30199371,6.82000000,1.54000000,40488916,40488916,1669350818927,True,True
30199372,6.83000000,0.43000000,40488917,40488917,1669350829271,False,True
30199373,6.84000000,79.57000000,40488918,40488920,1669350829271,False,True
30199374,6.84000000,51.00000000,40488921,40488924,1669350836171,False,True
30199375,6.83000000,10.93000000,40488925,40488925,1669350899631,True,True
30199376,6.84000000,0.56000000,40488926,40488926,1669350932448,False,True
30199377,6.85000000,66.96000000,40488927,40488938,1669350932448,False,True
30199378,6.85000000,9.34000000,40488939,40488939,1669350932459,True,True
30199379,6.85000000,36.45000000,40488940,40488941,1669350932481,True,True
30199380,6.84000000,31.16000000,40488942,40488942,1669350938454,True,True
30199381,6.85000000,78.71000000,40488943,40488954,1669350942023,False,True
30199382,6.86000000,261.41000000,40488955,40488957,1669350942023,False,True
30199383,6.87000000,645.76000000,40488958,40488961,1669350942023,False,True
30199384,6.86000000,6.58000000,40488962,40488962,1669350942208,True,True
30199385,6.86000000,40.21000000,40488963,40488963,1669350942218,True,True
30199386,6.86000000,6.57000000,40488964,40488964,1669350942227,True,True
30199387,6.86000000,30.23000000,40488965,40488965,1669350942229,True,True
30199388,6.87000000,12.16000000,40488966,40488966,1669350942299,False,True
30199389,6.86000000,6.57000000,40488967,40488967,1669350942304,True,True
30199390,6.86000000,1.96000000,40488968,40488968,1669350942822,True,True
30199391,6.86000000,2.95000000,40488969,40488969,1669350943915,True,True
30199392,6.86000000,36.80000000,40488970,40488970,1669350948277,True,True
30199393,6.86000000,1.53000000,40488971,40488971,1669350949460,True,True
30199394,6.86000000,2.60000000,40488972,40488972,1669351033034,True,True
30199395,6.86000000,2.60000000,40488973,40488973,1669351033128,True,True
30199396,6.86000000,2.60000000,40488974,40488974,1669351033302,True,True
30199397,6.86000000,2.60000000,40488975,40488975,1669351033328,True,True
30199398,6.86000000,2.60000000,40488976,40488976,1669351033394,True,True
30199399,6.86000000,33.64000000,40488977,40488979,1669351033437,True,True
30199400,6.85000000,36.24000000,40488980,40488982,1669351033438,True,True
30199401,6.85000000,1.80000000,40488983,40488983,1669351034886,True,True
30199402,6.85000000,42.13000000,40488984,40488986,1669351034910,True,True
30199403,6.85000000,1.37000000,40488987,40488987,1669351034920,True,True
30199404,6.86000000,107.62000000,40488988,40488992,1669351040238,False,True
30199405,6.86000000,161.12000000,40488993,40488993,1669351040303,True,True
30199406,6.86000000,25.75000000,40488994,40488994,1669351040573,True,True
30199407,6.87000000,4.46000000,40488995,40488995,1669351044749,False,True
30199408,6.87000000,22.10000000,40488996,40488997,1669351044764,False,True
30199409,6.86000000,1.93000000,40488998,40488998,1669351048892,True,True
30199410,6.86000000,2.10000000,40488999,40488999,1669351066437,True,True
30199411,6.87000000,4.46000000,40489000,40489001,1669351082389,False,True
30199412,6.88000000,139.67000000,40489002,40489006,1669351082389,False,True
30199413,6.87000000,2.60000000,40489007,40489007,1669351082409,True,True
30199414,6.87000000,69.83000000,40489008,40489008,1669351082463,True,True
30199415,6.87000000,102.82000000,40489009,40489010,1669351082533,True,True
30199416,6.87000000,2.10000000,40489011,40489011,1669351093024,True,True
30199417,6.88000000,99.78000000,40489012,40489014,1669351143289,False,True
30199418,6.88000000,4.64000000,40489015,40489015,1669351143393,False,True
30199419,6.87000000,1.64000000,40489016,40489016,1669351146825,True,True
30199420,6.87000000,3.85000000,40489017,40489017,1669351147617,True,True
30199421,6.88000000,69.98000000,40489018,40489019,1669351151454,False,True
30199422,6.88000000,70.44000000,40489020,40489020,1669351151492,False,True
30199423,6.88000000,28.65000000,40489021,40489027,1669351151494,False,True
30199424,6.88000000,2.60000000,40489028,40489028,1669351151516,True,True
30199425,6.89000000,50.04000000,40489029,40489033,1669351151594,False,True
30199426,6.88000000,36.20000000,40489034,40489034,1669351151803,True,True
30199427,6.88000000,37.09000000,40489035,40489037,1669351155451,True,True
30199428,6.89000000,30.48000000,40489038,40489038,1669351156195,False,True
30199429,6.89000000,4.32000000,40489039,40489039,1669351156242,True,True
30199430,6.89000000,3.95000000,40489040,40489040,1669351156272,True,True
30199431,6.89000000,4.03000000,40489041,40489041,1669351156335,True,True
30199432,6.89000000,14.15000000,40489042,40489042,1669351156349,True,True
30199433,6.89000000,2.20000000,40489043,40489043,1669351156350,True,True
30199434,6.89000000,1.74000000,40489044,40489044,1669351158964,True,True
30199435,6.88000000,1.91000000,40489045,40489045,1669351159606,True,True
30199436,6.89000000,33.04000000,40489046,40489047,1669351159613,False,True
30199437,6.89000000,4.11000000,40489048,40489048,1669351160262,True,True
30199438,6.89000000,4.03000000,40489049,40489049,1669351160273,True,True
30199439,6.89000000,3.95000000,40489050,40489050,1669351160302,True,True
30199440,6.89000000,3.95000000,40489051,40489051,1669351160319,True,True
30199441,6.89000000,2.40000000,40489052,40489052,1669351160955,True,True
30199442,6.89000000,1.81000000,40489053,40489053,1669351161356,True,True
30199443,6.89000000,2.47000000,40489054,40489054,1669351173069,True,True
30199444,6.90000000,78.99000000,40489055,40489069,1669351184412,False,True
30199445,6.91000000,739.49000000,40489070,40489077,1669351184412,False,True
30199446,6.92000000,114.98000000,40489078,40489082,1669351184412,False,True
30199447,6.91000000,219.64000000,40489083,40489093,1669351192345,False,True
30199448,6.92000000,169.89000000,40489094,40489095,1669351192345,False,True
30199449,6.93000000,246.65000000,40489096,40489099,1669351192345,False,True
30199450,6.91000000,2.95000000,40489100,40489100,1669351192380,True,True
30199451,6.91000000,58.38000000,40489101,40489103,1669351192520,True,True
30199452,6.91000000,6.10000000,40489104,40489104,1669351192542,True,True
30199453,6.91000000,11.15000000,40489105,40489105,1669351192549,True,True
30199454,6.91000000,6.10000000,40489106,40489106,1669351192578,True,True
30199455,6.91000000,17.50000000,40489107,40489107,1669351192619,True,True
30199456,6.91000000,35.70000000,40489108,40489109,1669351192622,True,True
30199457,6.91000000,5.18000000,40489110,40489110,1669351192626,True,True
30199458,6.90000000,53.52000000,40489111,40489111,1669351192626,True,True
30199459,6.90000000,47.75000000,40489112,40489114,1669351195977,True,True
30199460,6.89000000,24.92000000,40489115,40489116,1669351196316,True,True
30199461,6.89000000,1.53000000,40489117,40489117,1669351196657,True,True
30199462,6.89000000,2.92000000,40489118,40489118,1669351196658,True,True
30199463,6.89000000,1.54000000,40489119,40489119,1669351196664,True,True
30199464,6.89000000,1.54000000,40489120,40489120,1669351196673,True,True
30199465,6.89000000,11.86000000,40489121,40489122,1669351196685,True,True
30199466,6.89000000,1.75000000,40489123,40489123,1669351196705,True,True
30199467,6.90000000,1.52000000,40489124,40489124,1669351197648,False,True
30199468,6.89000000,36.07000000,40489125,40489127,1669351198209,True,True
30199469,6.89000000,2.25000000,40489128,40489128,1669351198263,True,True
30199470,6.89000000,16.85000000,40489129,40489130,1669351198283,True,True
30199471,6.88000000,1.53000000,40489131,40489131,1669351198646,True,True
30199472,6.88000000,2.93000000,40489132,40489132,1669351198650,True,True
30199473,6.88000000,18.60000000,40489133,40489134,1669351198654,True,True
30199474,6.88000000,4.38000000,40489135,40489135,1669351198654,True,True
30199475,6.88000000,21.31000000,40489136,40489136,1669351198655,True,True
30199476,6.87000000,24.02000000,40489137,40489138,1669351198655,True,True
30199477,6.87000000,2.19000000,40489139,40489140,1669351198658,True,True
30199478,6.87000000,2.19000000,40489141,40489141,1669351198670,True,True
30199479,6.87000000,4.45000000,40489142,40489143,1669351198674,True,True
30199480,6.87000000,35.15000000,40489144,40489145,1669351198678,True,True
30199481,6.86000000,2.78000000,40489146,40489146,1669351200018,True,True
30199482,6.87000000,76.21000000,40489147,40489147,1669351202137,True,True
30199483,6.87000000,1.52000000,40489148,40489148,1669351202724,False,True
30199484,6.87000000,21.03000000,40489149,40489150,1669351203503,False,True
30199485,6.88000000,45.81000000,40489151,40489152,1669351203503,False,True
30199486,6.89000000,29.58000000,40489153,40489155,1669351203563,False,True
30199487,6.88000000,20.83000000,40489156,40489157,1669351225888,False,True
30199488,6.89000000,34.83000000,40489158,40489159,1669351226727,False,True
30199489,6.88000000,4.41000000,40489160,40489160,1669351228641,True,True
30199490,6.88000000,99.08000000,40489161,40489162,1669351253019,True,True
30199491,6.87000000,103.20000000,40489163,40489165,1669351253019,True,True
30199492,6.86000000,77.79000000,40489166,40489169,1669351253019,True,True
30199493,6.85000000,55.56000000,40489170,40489171,1669351253019,True,True
30199494,6.84000000,1199.43000000,40489172,40489174,1669351253019,True,True
30199495,6.85000000,14.52000000,40489175,40489175,1669351253090,False,True
30199496,6.85000000,42.27000000,40489176,40489176,1669351253096,False,True
30199497,6.85000000,14.52000000,40489177,40489177,1669351253124,False,True
30199498,6.86000000,7.26000000,40489178,40489178,1669351262420,False,True
30199499,6.84000000,29.10000000,40489179,40489180,1669351312467,True,True
30199500,6.85000000,18.08000000,40489181,40489182,1669351322871,False,True
30199501,6.86000000,2.91000000,40489183,40489183,1669351323849,False,True
30199502,6.86000000,43.39000000,40489184,40489186,1669351531007,False,True
30199503,6.84000000,20.86000000,40489187,40489188,1669351531163,True,True
30199504,6.83000000,3.90000000,40489189,40489190,1669351536284,True,True
30199505,6.83000000,14.66000000,40489191,40489193,1669351537985,True,True
30199506,6.82000000,34.95000000,40489194,40489196,1669351582284,True,True
30199507,6.81000000,36.49000000,40489197,40489197,1669351582284,True,True
30199508,6.80000000,95.18000000,40489198,40489211,1669351582284,True,True
30199509,6.79000000,271.45000000,40489212,40489216,1669351582284,True,True
30199510,6.78000000,280.53000000,40489217,40489220,1669351582284,True,True
30199511,6.77000000,266.29000000,40489221,40489223,1669351582284,True,True
30199512,6.82000000,1.50000000,40489224,40489224,1669351582307,False,True
30199513,6.78000000,42.27000000,40489225,40489225,1669351582701,True,True
30199514,6.77000000,90.00000000,40489226,40489226,1669351582701,True,True
30199515,6.78000000,43.63000000,40489227,40489227,1669351582791,False,True
30199516,6.78000000,17.40000000,40489228,40489228,1669351582798,False,True
30199517,6.78000000,3.68000000,40489229,40489229,1669351582825,False,True
30199518,6.79000000,1.88000000,40489230,40489230,1669351586324,False,True
30199519,6.78000000,14.39000000,40489231,40489232,1669351586584,True,True
30199520,6.79000000,1.72000000,40489233,40489233,1669351586970,False,True
30199521,6.79000000,1.63000000,40489234,40489234,1669351588076,False,True
30199522,6.79000000,1.54000000,40489235,40489235,1669351589052,False,True
30199523,6.79000000,1.76000000,40489236,40489236,1669351589054,False,True
30199524,6.79000000,45.65000000,40489237,40489238,1669351589061,False,True
30199525,6.79000000,2.94000000,40489239,40489240,1669351589063,False,True
30199526,6.79000000,1.54000000,40489241,40489241,1669351589065,False,True
30199527,6.79000000,2.94000000,40489242,40489242,1669351589076,False,True
30199528,6.79000000,2.94000000,40489243,40489244,1669351589085,False,True
30199529,6.79000000,2.23000000,40489245,40489245,1669351590055,False,True
30199530,6.79000000,2.08000000,40489246,40489247,1669351590690,False,True
30199531,6.78000000,5.20000000,40489248,40489248,1669351606097,True,True
30199532,6.79000000,2.37000000,40489249,40489249,1669351607999,False,True
30199533,6.79000000,2.21000000,40489250,40489250,1669351611880,False,True
30199534,6.78000000,8.00000000,40489251,40489252,1669351617948,True,True
30199535,6.78000000,2.40000000,40489253,40489253,1669351617999,True,True
30199536,6.79000000,2.44000000,40489254,40489254,1669351631408,False,True
30199537,6.79000000,5.00000000,40489255,40489255,1669351655627,False,True
30199538,6.78000000,3.00000000,40489256,40489256,1669351665530,True,True
30199539,6.78000000,2.08000000,40489257,40489257,1669351671498,False,True
30199540,6.77000000,14.91000000,40489258,40489259,1669351694190,True,True
30199541,6.76000000,61.14000000,40489260,40489265,1669351702044,True,True
30199542,6.77000000,1.79000000,40489266,40489266,1669351703658,False,True
30199543,6.77000000,2.95000000,40489267,40489267,1669351704164,False,True
30199544,6.77000000,4.43000000,40489268,40489268,1669351704181,False,True
30199545,6.75000000,43.80000000,40489269,40489271,1669351705362,True,True
30199546,6.77000000,3.00000000,40489272,40489272,1669351716820,False,True
30199547,6.77000000,1.55000000,40489273,40489273,1669351717198,False,True
30199548,6.77000000,2.77000000,40489274,40489274,1669351718888,False,True
30199549,6.77000000,1.93000000,40489275,40489275,1669351719424,False,True
30199550,6.77000000,1.97000000,40489276,40489276,1669351727035,False,True
30199551,6.77000000,2.53000000,40489277,40489277,1669351744581,False,True
30199552,6.77000000,2.51000000,40489278,40489279,1669351747481,False,True
30199553,6.77000000,1.51000000,40489280,40489280,1669351791519,False,True
30199554,6.75000000,15.74000000,40489281,40489282,1669351801755,True,True
30199555,6.76000000,2.95000000,40489283,40489283,1669351802126,False,True
30199556,6.77000000,54.35000000,40489284,40489286,1669351805198,False,True
30199557,6.76000000,4.91000000,40489287,40489287,1669351900471,False,True
30199558,6.76000000,12.53000000,40489288,40489288,1669351959481,False,True
30199559,6.76000000,18.30000000,40489289,40489289,1669351959595,False,True
30199560,6.76000000,51.74000000,40489290,40489290,1669351963743,False,True
30199561,6.76000000,24.35000000,40489291,40489292,1669351963752,False,True
30199562,6.77000000,35.75000000,40489293,40489296,1669351974976,False,True
30199563,6.78000000,37.01000000,40489297,40489299,1669352135100,False,True
30199564,6.78000000,26.57000000,40489300,40489301,1669352135632,False,True
30199565,6.79000000,3.01000000,40489302,40489303,1669352135667,False,True
30199566,6.79000000,72.60000000,40489304,40489307,1669352192757,False,True
30199567,6.79000000,3.51000000,40489308,40489308,1669352192770,True,True
30199568,6.80000000,2.20000000,40489309,40489309,1669352193735,False,True
30199569,6.80000000,1.54000000,40489310,40489310,1669352193751,False,True
30199570,6.80000000,1.53000000,40489311,40489311,1669352193774,True,True
30199571,6.80000000,2.84000000,40489312,40489312,1669352193803,True,True
30199572,6.80000000,3.00000000,40489313,40489313,1669352199730,True,True
30199573,6.80000000,2.13000000,40489314,40489314,1669352211072,True,True
30199574,6.80000000,3.48000000,40489315,40489315,1669352216640,True,True
30199575,6.80000000,72.67000000,40489316,40489318,1669352216658,True,True
30199576,6.80000000,3.15000000,40489319,40489319,1669352216717,True,True
30199577,6.79000000,14.74000000,40489320,40489320,1669352270827,True,True
30199578,6.79000000,73.28000000,40489321,40489323,1669352270836,True,True
30199579,6.77000000,29.48000000,40489324,40489325,1669352286629,True,True
30199580,6.76000000,32.44000000,40489326,40489328,1669352286734,True,True
30199581,6.77000000,17.43000000,40489329,40489329,1669352290560,False,True
30199582,6.75000000,48.80000000,40489330,40489338,1669352352469,True,True
30199583,6.76000000,1.91000000,40489339,40489339,1669352366779,False,True
30199584,6.76000000,1.79000000,40489340,40489340,1669352367434,False,True
30199585,6.76000000,7.00000000,40489341,40489342,1669352379490,False,True
30199586,6.76000000,4.59000000,40489343,40489343,1669352379523,False,True
30199587,6.76000000,7.65000000,40489344,40489344,1669352388363,False,True
30199588,6.76000000,1.66000000,40489345,40489345,1669352402938,False,True
30199589,6.76000000,5.24000000,40489346,40489346,1669352404936,False,True
30199590,6.75000000,42.65000000,40489347,40489347,1669352414466,False,True
30199591,6.75000000,17.61000000,40489348,40489349,1669352414466,False,True
30199592,6.75000000,17.61000000,40489350,40489350,1669352414478,False,True
30199593,6.75000000,31.43000000,40489351,40489351,1669352414485,False,True
30199594,6.76000000,38.09000000,40489352,40489354,1669352414496,False,True
30199595,6.77000000,40.40000000,40489355,40489359,1669352420794,False,True
30199596,6.78000000,3.90000000,40489360,40489360,1669352420794,False,True
30199597,6.77000000,58.59000000,40489361,40489362,1669352468587,False,True
30199598,6.76000000,14.83000000,40489363,40489363,1669352476998,True,True
30199599,6.76000000,14.79000000,40489364,40489364,1669352520917,True,True
30199600,6.75000000,0.04000000,40489365,40489365,1669352520917,True,True
30199601,6.75000000,16.46000000,40489366,40489367,1669352525350,True,True
30199602,6.74000000,53.08000000,40489368,40489370,1669352526470,True,True
30199603,6.75000000,570.36000000,40489371,40489371,1669352530279,False,True
30199604,6.75000000,177.56000000,40489372,40489372,1669352530291,False,True
30199605,6.75000000,1.74000000,40489373,40489373,1669352532368,False,True
30199606,6.74000000,84.64000000,40489374,40489377,1669352558357,True,True
30199607,6.73000000,95.20000000,40489378,40489380,1669352558357,True,True
30199608,6.73000000,69.91000000,40489381,40489381,1669352563196,True,True
30199609,6.75000000,3.85000000,40489382,40489382,1669352564107,False,True
30199610,6.75000000,3.68000000,40489383,40489383,1669352585000,False,True
30199611,6.75000000,5.16000000,40489384,40489384,1669352585033,False,True
30199612,6.75000000,18.10000000,40489385,40489386,1669352585061,False,True
30199613,6.76000000,2.95000000,40489387,40489387,1669352586120,False,True
30199614,6.76000000,2.95000000,40489388,40489388,1669352586126,False,True
30199615,6.74000000,14.85000000,40489389,40489390,1669352591826,True,True
30199616,6.74000000,29.20000000,40489391,40489391,1669352599407,True,True
30199617,6.74000000,14.85000000,40489392,40489393,1669352604118,True,True
30199618,6.74000000,5.16000000,40489394,40489394,1669352604142,True,True
30199619,6.74000000,2.12000000,40489395,40489395,1669352604227,True,True
30199620,6.75000000,7.28000000,40489396,40489396,1669352605205,False,True
30199621,6.75000000,2.42000000,40489397,40489397,1669352605262,False,True
30199622,6.75000000,9.00000000,40489398,40489399,1669352606193,False,True
30199623,6.76000000,42.87000000,40489400,40489402,1669352624165,False,True
30199624,6.76000000,12.65000000,40489403,40489403,1669352637876,True,True
30199625,6.76000000,2.15000000,40489404,40489404,1669352642878,True,True
30199626,6.75000000,28.29000000,40489405,40489405,1669352663993,True,True
30199627,6.75000000,14.83000000,40489406,40489406,1669352682464,True,True
30199628,6.75000000,7.48000000,40489407,40489407,1669352682477,True,True
30199629,6.76000000,5.81000000,40489408,40489408,1669352685379,False,True
30199630,6.76000000,3.50000000,40489409,40489409,1669352685397,False,True
30199631,6.75000000,4.41000000,40489410,40489410,1669352697627,True,True
30199632,6.76000000,23.38000000,40489411,40489411,1669352715445,True,True
30199633,6.76000000,4.43000000,40489412,40489412,1669352723847,True,True
30199634,6.77000000,11.58000000,40489413,40489413,1669352748804,False,True
30199635,6.77000000,1.55000000,40489414,40489414,1669352749281,False,True
30199636,6.77000000,1.77000000,40489415,40489416,1669352749292,False,True
30199637,6.77000000,1.55000000,40489417,40489417,1669352749302,False,True
30199638,6.76000000,51.40000000,40489418,40489420,1669352757407,True,True
30199639,6.75000000,39.41000000,40489421,40489421,1669352757407,True,True
30199640,6.76000000,26.35000000,40489422,40489422,1669352793079,True,True
30199641,6.76000000,2.99000000,40489423,40489423,1669352794474,True,True
30199642,6.76000000,60.24000000,40489424,40489424,1669352802290,True,True
30199643,6.77000000,10.37000000,40489425,40489426,1669352808254,False,True
30199644,6.77000000,29.54000000,40489427,40489427,1669352822351,True,True
30199645,6.76000000,46.47000000,40489428,40489428,1669352822351,True,True
30199646,6.76000000,197.06000000,40489429,40489431,1669352842819,True,True
30199647,6.76000000,72.67000000,40489432,40489432,1669352842829,False,True
30199648,6.76000000,5.90000000,40489433,40489433,1669352884862,False,True
30199649,6.75000000,68.96000000,40489434,40489434,1669352894450,True,True
30199650,6.76000000,22.74000000,40489435,40489435,1669352933954,False,True
30199651,6.75000000,54.69000000,40489436,40489436,1669352938221,True,True
30199652,6.75000000,22.71000000,40489437,40489437,1669352942529,True,True
30199653,6.75000000,14.83000000,40489438,40489438,1669352961490,True,True
30199654,6.75000000,3.65000000,40489439,40489439,1669352964602,True,True
30199655,6.75000000,57.95000000,40489440,40489441,1669352967276,True,True
30199656,6.74000000,21.45000000,40489442,40489443,1669352974077,True,True
30199657,6.75000000,86.39000000,40489444,40489449,1669352977373,False,True
30199658,6.74000000,76.32000000,40489450,40489451,1669352981544,True,True
30199659,6.74000000,44.45000000,40489452,40489454,1669353010901,True,True
30199660,6.74000000,20.87000000,40489455,40489455,1669353010905,False,True
30199661,6.74000000,7.02000000,40489456,40489456,1669353016116,True,True
30199662,6.74000000,4.53000000,40489457,40489457,1669353016126,False,True
30199663,6.74000000,17.51000000,40489458,40489458,1669353016137,False,True
30199664,6.74000000,106.75000000,40489459,40489459,1669353016157,False,True
30199665,6.73000000,102.33000000,40489460,40489460,1669353016197,True,True
30199666,6.73000000,6.36000000,40489461,40489461,1669353023160,True,True
30199667,6.74000000,1.55000000,40489462,40489462,1669353027578,False,True
30199668,6.74000000,4.43000000,40489463,40489463,1669353036435,False,True
30199669,6.74000000,4.43000000,40489464,40489464,1669353036437,False,True
30199670,6.73000000,33.05000000,40489465,40489467,1669353041560,True,True
30199671,6.72000000,87.65000000,40489468,40489472,1669353044893,True,True
30199672,6.71000000,70.13000000,40489473,40489476,1669353044893,True,True
30199673,6.70000000,220.90000000,40489477,40489481,1669353044893,True,True
30199674,6.70000000,30.59000000,40489482,40489482,1669353044893,True,True
30199675,6.70000000,14.94000000,40489483,40489483,1669353044893,True,True
30199676,6.70000000,7.00000000,40489484,40489484,1669353044893,True,True
30199677,6.70000000,127.89000000,40489485,40489490,1669353044893,True,True
30199678,6.70000000,459.55000000,40489491,40489492,1669353044893,True,True
30199679,6.71000000,4.18000000,40489493,40489493,1669353044926,False,True
30199680,6.71000000,3.07000000,40489494,40489494,1669353044951,False,True
30199681,6.71000000,3.07000000,40489495,40489495,1669353044962,False,True
30199682,6.70000000,1.55000000,40489496,40489496,1669353045230,True,True
30199683,6.71000000,2.06000000,40489497,40489497,1669353048870,False,True
30199684,6.70000000,5.47000000,40489498,40489498,1669353049516,True,True
30199685,6.71000000,75.59000000,40489499,40489499,1669353049601,False,True
30199686,6.72000000,15.89000000,40489500,40489500,1669353049601,False,True
30199687,6.72000000,1.56000000,40489501,40489501,1669353049606,False,True
30199688,6.72000000,2.34000000,40489502,40489502,1669353050287,False,True
30199689,6.72000000,29.76000000,40489503,40489503,1669353050585,False,True
30199690,6.72000000,1.56000000,40489504,40489504,1669353050593,False,True
30199691,6.72000000,19.49000000,40489505,40489506,1669353050596,False,True
30199692,6.72000000,2.97000000,40489507,40489507,1669353050597,False,True
30199693,6.72000000,64.66000000,40489508,40489510,1669353050598,False,True
30199694,6.73000000,30.53000000,40489511,40489511,1669353050598,False,True
30199695,6.73000000,4.45000000,40489512,40489512,1669353050598,False,True
30199696,6.73000000,1.78000000,40489513,40489513,1669353050601,False,True
30199697,6.73000000,1.56000000,40489514,40489514,1669353050602,False,True
30199698,6.73000000,1.56000000,40489515,40489515,1669353050607,False,True
30199699,6.73000000,7.42000000,40489516,40489516,1669353050620,False,True
30199700,6.73000000,2.97000000,40489517,40489517,1669353050623,False,True
30199701,6.73000000,1.56000000,40489518,40489518,1669353050634,False,True
30199702,6.71000000,46.12000000,40489519,40489520,1669353053622,True,True
30199703,6.71000000,17.59000000,40489521,40489521,1669353053625,True,True
30199704,6.72000000,2.00000000,40489522,40489522,1669353057196,False,True
30199705,6.72000000,1.94000000,40489523,40489523,1669353057674,False,True
30199706,6.72000000,2.19000000,40489524,40489524,1669353062818,False,True
30199707,6.71000000,14.92000000,40489525,40489525,1669353065560,True,True
30199708,6.71000000,18.77000000,40489526,40489526,1669353065563,True,True
30199709,6.70000000,74.70000000,40489527,40489527,1669353074450,True,True
30199710,6.70000000,4.31000000,40489528,40489528,1669353085870,True,True
30199711,6.71000000,1.56000000,40489529,40489529,1669353086615,False,True
30199712,6.70000000,7.29000000,40489530,40489530,1669353089277,True,True
30199713,6.71000000,1.89000000,40489531,40489531,1669353089468,False,True
30199714,6.71000000,1.49000000,40489532,40489532,1669353094312,False,True
30199715,6.70000000,940.65000000,40489533,40489533,1669353117905,True,True
30199716,6.70000000,8.23000000,40489534,40489534,1669353117916,True,True
30199717,6.70000000,167.78000000,40489535,40489539,1669353117921,True,True
30199718,6.69000000,14.94000000,40489540,40489542,1669353117928,True,True
30199719,6.69000000,7.29000000,40489543,40489543,1669353117928,True,True
30199720,6.68000000,135.07000000,40489544,40489551,1669353117928,True,True
30199721,6.67000000,37.55000000,40489552,40489556,1669353117928,True,True
30199722,6.67000000,47.08000000,40489557,40489558,1669353117928,True,True
30199723,6.67000000,44.18000000,40489559,40489567,1669353117928,True,True
30199724,6.67000000,14.74000000,40489568,40489568,1669353117934,False,True
30199725,6.68000000,15.66000000,40489569,40489569,1669353117934,False,True
30199726,6.68000000,30.40000000,40489570,40489571,1669353117935,False,True
30199727,6.68000000,30.40000000,40489572,40489572,1669353117936,False,True
30199728,6.68000000,30.40000000,40489573,40489573,1669353117938,False,True
30199729,6.68000000,30.40000000,40489574,40489574,1669353117938,False,True
30199730,6.68000000,30.40000000,40489575,40489576,1669353117938,False,True
30199731,6.68000000,28.86000000,40489577,40489577,1669353117939,False,True
30199732,6.66000000,88.00000000,40489578,40489585,1669353117943,True,True
30199733,6.69000000,1.49000000,40489586,40489586,1669353117947,False,True
30199734,6.68000000,14.84000000,40489587,40489587,1669353117949,False,True
30199735,6.67000000,29.98000000,40489588,40489588,1669353117953,True,True
30199736,6.66000000,18.15000000,40489589,40489589,1669353117953,True,True
30199737,6.65000000,39.87000000,40489590,40489593,1669353117953,True,True
30199738,6.68000000,4.98000000,40489594,40489594,1669353117958,False,True
30199739,6.66000000,88.00000000,40489595,40489595,1669353117968,True,True
30199740,6.67000000,2.45000000,40489596,40489596,1669353118088,False,True
30199741,6.66000000,30.02000000,40489597,40489597,1669353118104,False,True
30199742,6.67000000,14.91000000,40489598,40489598,1669353118165,False,True
30199743,6.68000000,34.89000000,40489599,40489599,1669353118165,False,True
30199744,6.68000000,45.51000000,40489600,40489602,1669353118224,False,True
30199745,6.68000000,30.82000000,40489603,40489604,1669353118289,False,True
30199746,6.66000000,46.62000000,40489605,40489606,1669353118303,True,True
30199747,6.67000000,5.44000000,40489607,40489607,1669353130617,False,True
30199748,6.66000000,14.53000000,40489608,40489608,1669353132703,True,True
30199749,6.67000000,1.57000000,40489609,40489609,1669353133663,False,True
30199750,6.67000000,4.49000000,40489610,40489610,1669353133667,False,True
30199751,6.67000000,1.57000000,40489611,40489611,1669353133672,False,True
30199752,6.67000000,1.57000000,40489612,40489612,1669353133677,False,True
30199753,6.67000000,2.24000000,40489613,40489613,1669353133677,False,True
30199754,6.67000000,2.99000000,40489614,40489614,1669353133677,False,True
30199755,6.67000000,1.57000000,40489615,40489615,1669353133681,False,True
30199756,6.67000000,1.57000000,40489616,40489616,1669353133681,False,True
30199757,6.67000000,1.57000000,40489617,40489617,1669353133700,False,True
30199758,6.67000000,2.24000000,40489618,40489618,1669353133709,False,True
30199759,6.67000000,1.57000000,40489619,40489619,1669353133712,False,True
30199760,6.66000000,1.57000000,40489620,40489620,1669353133952,False,True
30199761,6.66000000,2.95000000,40489621,40489621,1669353134259,False,True
30199762,6.65000000,2.06000000,40489622,40489622,1669353134365,True,True
30199763,6.66000000,7.08000000,40489623,40489623,1669353134395,False,True
30199764,6.67000000,2.99000000,40489624,40489624,1669353134675,False,True
30199765,6.67000000,1.79000000,40489625,40489625,1669353134679,False,True
30199766,6.67000000,3.07000000,40489626,40489627,1669353134694,False,True
30199767,6.67000000,2.24000000,40489628,40489628,1669353134725,False,True
30199768,6.67000000,1.57000000,40489629,40489629,1669353134729,False,True
30199769,6.67000000,2.84000000,40489630,40489630,1669353134911,False,True
30199770,6.67000000,2.60000000,40489631,40489631,1669353136857,False,True
30199771,6.67000000,1.99000000,40489632,40489632,1669353139882,False,True
30199772,6.67000000,2.11000000,40489633,40489633,1669353140515,False,True
30199773,6.67000000,3.00000000,40489634,40489635,1669353144049,False,True
30199774,6.66000000,3.07000000,40489636,40489636,1669353150586,True,True
30199775,6.65000000,99.40000000,40489637,40489637,1669353150586,True,True
30199776,6.66000000,17.72000000,40489638,40489638,1669353151035,False,True
30199777,6.66000000,7.24000000,40489639,40489639,1669353151054,False,True
30199778,6.67000000,3.00000000,40489640,40489640,1669353159284,False,True
30199779,6.65000000,53.45000000,40489641,40489641,1669353221638,True,True
30199780,6.65000000,46.29000000,40489642,40489642,1669353221645,True,True
30199781,6.65000000,64.36000000,40489643,40489644,1669353221646,True,True
30199782,6.65000000,18.79000000,40489645,40489645,1669353221655,True,True
30199783,6.65000000,7.45000000,40489646,40489646,1669353221656,True,True
30199784,6.65000000,27.38000000,40489647,40489647,1669353221659,True,True
30199785,6.65000000,82.98000000,40489648,40489654,1669353233342,True,True
30199786,6.65000000,2.63000000,40489655,40489655,1669353236341,False,True
30199787,6.65000000,51.96000000,40489656,40489657,1669353249457,False,True
30199788,6.65000000,2.70000000,40489658,40489658,1669353275844,False,True
30199789,6.65000000,3.13000000,40489659,40489659,1669353275861,False,True
30199790,6.65000000,8.79000000,40489660,40489660,1669353277037,False,True
30199791,6.65000000,18.62000000,40489661,40489661,1669353282924,False,True
30199792,6.65000000,90.50000000,40489662,40489662,1669353285878,False,True
30199793,6.65000000,6.06000000,40489663,40489663,1669353285899,False,True
30199794,6.64000000,5.27000000,40489664,40489664,1669353285932,True,True
30199795,6.64000000,35.76000000,40489665,40489668,1669353285956,True,True
30199796,6.63000000,15.82000000,40489669,40489671,1669353359282,True,True
30199797,6.62000000,6.63000000,40489672,40489673,1669353359282,True,True
30199798,6.62000000,50.46000000,40489674,40489677,1669353359282,True,True
30199799,6.63000000,109.10000000,40489678,40489680,1669353363033,False,True
30199800,6.64000000,115.21000000,40489681,40489683,1669353363033,False,True
30199801,6.64000000,71.36000000,40489684,40489684,1669353363756,False,True
30199802,6.64000000,7.53000000,40489685,40489685,1669353363937,False,True
30199803,6.62000000,66.41000000,40489686,40489688,1669353367820,True,True
30199804,6.61000000,106.67000000,40489689,40489692,1669353367877,True,True
30199805,6.62000000,1.94000000,40489693,40489693,1669353368671,False,True
30199806,6.62000000,1.58000000,40489694,40489694,1669353368905,False,True
30199807,6.62000000,1.81000000,40489695,40489695,1669353368911,False,True
30199808,6.62000000,3.02000000,40489696,40489696,1669353368916,False,True
30199809,6.62000000,16.61000000,40489697,40489697,1669353368923,False,True
30199810,6.62000000,2.17000000,40489698,40489698,1669353369317,False,True
30199811,6.62000000,1.67000000,40489699,40489699,1669353369965,False,True
30199812,6.61000000,22.48000000,40489700,40489701,1669353374178,True,True
30199813,6.60000000,259.79000000,40489702,40489708,1669353374178,True,True
30199814,6.60000000,11.46000000,40489709,40489709,1669353374178,True,True
30199815,6.60000000,11.46000000,40489710,40489710,1669353374178,True,True
30199816,6.60000000,4.17000000,40489711,40489711,1669353374178,True,True
30199817,6.61000000,32.88000000,40489712,40489712,1669353374193,False,True
30199818,6.61000000,67.55000000,40489713,40489714,1669353375538,True,True
30199819,6.60000000,39.79000000,40489715,40489715,1669353375538,True,True
30199820,6.62000000,7.40000000,40489716,40489716,1669353375911,False,True
30199821,6.60000000,44.17000000,40489717,40489717,1669353377616,True,True
30199822,6.60000000,15.17000000,40489718,40489718,1669353377617,True,True
30199823,6.60000000,36.79000000,40489719,40489719,1669353377618,True,True
30199824,6.61000000,4.53000000,40489720,40489720,1669353377914,False,True
30199825,6.61000000,2.26000000,40489721,40489721,1669353377924,False,True
30199826,6.61000000,1.58000000,40489722,40489722,1669353377926,False,True
30199827,6.61000000,12.10000000,40489723,40489723,1669353377944,False,True
30199828,6.61000000,72.59000000,40489724,40489724,1669353377953,False,True
30199829,6.61000000,72.53000000,40489725,40489725,1669353377954,False,True
30199830,6.61000000,12.85000000,40489726,40489726,1669353378066,False,True
30199831,6.61000000,9.43000000,40489727,40489727,1669353378095,True,True
30199832,6.61000000,20.82000000,40489728,40489728,1669353378097,True,True
30199833,6.60000000,30.25000000,40489729,40489729,1669353378134,True,True
30199834,6.62000000,50.75000000,40489730,40489732,1669353378366,False,True
30199835,6.61000000,7.57000000,40489733,40489733,1669353378464,False,True
30199836,6.61000000,2.99000000,40489734,40489734,1669353378671,False,True
30199837,6.62000000,19.11000000,40489735,40489735,1669353379293,False,True
30199838,6.60000000,74.96000000,40489736,40489736,1669353382082,True,True
30199839,6.62000000,1.71000000,40489737,40489737,1669353385664,False,True
30199840,6.61000000,15.03000000,40489738,40489738,1669353386856,True,True
30199841,6.61000000,0.09000000,40489739,40489739,1669353386857,True,True
30199842,6.60000000,41.50000000,40489740,40489740,1669353386857,True,True
30199843,6.61000000,3.00000000,40489741,40489741,1669353392718,True,True
30199844,6.60000000,11.81000000,40489742,40489742,1669353392718,True,True
30199845,6.60000000,248.87000000,40489743,40489743,1669353393184,True,True
30199846,6.60000000,15.17000000,40489744,40489744,1669353393186,True,True
30199847,6.60000000,6.40000000,40489745,40489745,1669353394177,True,True
30199848,6.60000000,28.67000000,40489746,40489746,1669353400604,True,True
30199849,6.62000000,3.03000000,40489747,40489747,1669353403819,False,True
30199850,6.60000000,18.73000000,40489748,40489748,1669353404227,True,True
30199851,6.60000000,4.60000000,40489749,40489749,1669353405277,True,True
30199852,6.60000000,44.06000000,40489750,40489750,1669353406116,True,True
30199853,6.60000000,713.03000000,40489751,40489752,1669353412089,True,True
30199854,6.60000000,12.85000000,40489753,40489756,1669353412098,True,True
30199855,6.60000000,35.56000000,40489757,40489763,1669353412099,True,True
30199856,6.61000000,2.19000000,40489764,40489764,1669353412291,False,True
30199857,6.60000000,50.55000000,40489765,40489767,1669353435425,False,True
30199858,6.61000000,15.18000000,40489768,40489768,1669353435425,False,True
30199859,6.60000000,4.92000000,40489769,40489769,1669353461802,False,True
30199860,6.60000000,42.27000000,40489770,40489770,1669353478807,True,True
30199861,6.59000000,37.03000000,40489771,40489771,1669353478820,True,True
30199862,6.60000000,5.00000000,40489772,40489772,1669353479220,False,True
30199863,6.60000000,1.94000000,40489773,40489773,1669353480464,False,True
30199864,6.60000000,58.42000000,40489774,40489774,1669353483437,False,True
30199865,6.60000000,3.03000000,40489775,40489775,1669353484025,False,True
30199866,6.59000000,10.20000000,40489776,40489776,1669353490024,True,True
30199867,6.60000000,2.24000000,40489777,40489777,1669353490940,False,True
30199868,6.60000000,1.90000000,40489778,40489778,1669353492991,False,True
30199869,6.59000000,40.23000000,40489779,40489779,1669353496585,True,True
30199870,6.59000000,37.90000000,40489780,40489780,1669353496604,True,True
30199871,6.59000000,34.63000000,40489781,40489783,1669353496628,True,True
30199872,6.60000000,1.84000000,40489784,40489784,1669353500232,False,True
30199873,6.59000000,74.28000000,40489785,40489786,1669353528317,True,True
30199874,6.60000000,2.20000000,40489787,40489787,1669353534513,False,True
30199875,6.60000000,2.05000000,40489788,40489788,1669353539554,False,True
30199876,6.59000000,7.47000000,40489789,40489789,1669353544729,True,True
30199877,6.60000000,214.69000000,40489790,40489793,1669353549530,False,True
30199878,6.60000000,72.59000000,40489794,40489794,1669353549544,False,True
30199879,6.60000000,65.69000000,40489795,40489795,1669353549646,False,True
30199880,6.60000000,98.70000000,40489796,40489796,1669353549659,False,True
30199881,6.60000000,81.01000000,40489797,40489799,1669353549682,False,True
30199882,6.60000000,75.97000000,40489800,40489802,1669353549736,True,True
30199883,6.59000000,329.51000000,40489803,40489803,1669353549736,True,True
30199884,6.61000000,10.25000000,40489804,40489804,1669353549770,False,True
30199885,6.61000000,22.90000000,40489805,40489807,1669353549792,False,True
30199886,6.61000000,57.44000000,40489808,40489809,1669353549803,False,True
30199887,6.60000000,14.16000000,40489810,40489810,1669353551110,True,True
30199888,6.61000000,15.09000000,40489811,40489812,1669353554775,False,True
30199889,6.60000000,74.42000000,40489813,40489816,1669353556049,True,True
30199890,6.59000000,198.00000000,40489817,40489817,1669353556070,True,True
30199891,6.59000000,37.67000000,40489818,40489818,1669353556093,True,True
30199892,6.59000000,164.39000000,40489819,40489821,1669353556148,True,True
30199893,6.59000000,33.61000000,40489822,40489823,1669353556157,True,True
30199894,6.59000000,96.68000000,40489824,40489825,1669353556172,False,True
30199895,6.59000000,29.09000000,40489826,40489826,1669353556254,True,True
30199896,6.59000000,42.27000000,40489827,40489827,1669353561534,False,True
30199897,6.58000000,91.87000000,40489828,40489833,1669353581870,True,True
30199898,6.57000000,52.13000000,40489834,40489836,1669353581870,True,True
30199899,6.58000000,17.10000000,40489837,40489837,1669353581954,False,True
30199900,6.58000000,14.39000000,40489838,40489838,1669353581995,False,True
30199901,6.59000000,1.67000000,40489839,40489839,1669353590786,False,True
30199902,6.59000000,1.59000000,40489840,40489840,1669353591143,False,True
30199903,6.59000000,2.87000000,40489841,40489841,1669353592049,False,True
30199904,6.59000000,3.11000000,40489842,40489842,1669353593143,False,True
30199905,6.59000000,3.03000000,40489843,40489843,1669353593143,False,True
30199906,6.59000000,1.59000000,40489844,40489844,1669353593152,False,True
30199907,6.59000000,2.27000000,40489845,40489846,1669353593154,False,True
30199908,6.59000000,2.73000000,40489847,40489847,1669353593166,False,True
30199909,6.59000000,68.86000000,40489848,40489848,1669353594154,False,True
30199910,6.58000000,2.33000000,40489849,40489849,1669353596213,True,True
30199911,6.58000000,55.46000000,40489850,40489851,1669353601746,True,True
30199912,6.58000000,16.83000000,40489852,40489852,1669353605125,True,True
30199913,6.59000000,71.59000000,40489853,40489856,1669353615159,False,True
30199914,6.60000000,2.37000000,40489857,40489857,1669353615159,False,True
30199915,6.59000000,10.45000000,40489858,40489858,1669353617070,True,True
30199916,6.58000000,4.57000000,40489859,40489859,1669353617070,True,True
30199917,6.59000000,2.27000000,40489860,40489860,1669353618181,False,True
30199918,6.59000000,14.93000000,40489861,40489861,1669353631320,False,True
30199919,6.59000000,23.25000000,40489862,40489862,1669353631325,True,True
30199920,6.59000000,23.25000000,40489863,40489863,1669353631329,True,True
30199921,6.59000000,38.72000000,40489864,40489864,1669353631331,True,True
30199922,6.59000000,17.97000000,40489865,40489865,1669353637604,False,True
30199923,6.59000000,27.65000000,40489866,40489868,1669353637613,False,True
30199924,6.59000000,5.50000000,40489869,40489869,1669353638338,True,True
30199925,6.59000000,6.15000000,40489870,40489870,1669353639550,True,True
30199926,6.59000000,17.90000000,40489871,40489871,1669353640500,True,True
30199927,6.59000000,48.02000000,40489872,40489873,1669353641424,True,True
30199928,6.60000000,95.52000000,40489874,40489874,1669353666300,False,True
30199929,6.60000000,397.69000000,40489875,40489875,1669353666964,False,True
30199930,6.59000000,45.52000000,40489876,40489876,1669353668515,True,True
30199931,6.58000000,1.66000000,40489877,40489877,1669353679041,True,True
30199932,6.59000000,14.97000000,40489878,40489878,1669353686805,True,True
30199933,6.59000000,15.10000000,40489879,40489879,1669353686807,True,True
30199934,6.59000000,17.07000000,40489880,40489880,1669353686816,True,True
30199935,6.60000000,77.23000000,40489881,40489881,1669353687029,False,True
30199936,6.59000000,23.09000000,40489882,40489883,1669353689612,True,True
30199937,6.59000000,13.74000000,40489884,40489884,1669353689614,True,True
30199938,6.59000000,5.16000000,40489885,40489885,1669353689615,True,True
30199939,6.60000000,44.73000000,40489886,40489886,1669353689829,False,True
30199940,6.60000000,2.31000000,40489887,40489887,1669353691247,False,True
30199941,6.60000000,25.05000000,40489888,40489888,1669353696220,False,True
30199942,6.59000000,2.31000000,40489889,40489889,1669353697331,True,True
30199943,6.59000000,3.49000000,40489890,40489890,1669353701227,True,True
30199944,6.59000000,5.59000000,40489891,40489891,1669353717967,True,True
30199945,6.60000000,29.19000000,40489892,40489892,1669353724557,False,True
30199946,6.60000000,22.78000000,40489893,40489893,1669353728213,False,True
30199947,6.60000000,202.31000000,40489894,40489894,1669353771992,False,True
30199948,6.59000000,3.76000000,40489895,40489895,1669353777300,True,True
30199949,6.59000000,116.18000000,40489896,40489899,1669353790735,True,True
30199950,6.58000000,72.79000000,40489900,40489903,1669353790735,True,True
30199951,6.58000000,4.79000000,40489904,40489904,1669353790746,False,True
30199952,6.58000000,60.63000000,40489905,40489905,1669353790752,False,True
30199953,6.57000000,45.18000000,40489906,40489907,1669353790789,True,True
30199954,6.58000000,45.52000000,40489908,40489908,1669353790885,False,True
30199955,6.58000000,69.20000000,40489909,40489909,1669353792517,False,True
30199956,6.57000000,4.77000000,40489910,40489910,1669353806393,True,True
30199957,6.57000000,293.79000000,40489911,40489915,1669353812988,True,True
30199958,6.56000000,479.88000000,40489916,40489923,1669353812988,True,True
30199959,6.57000000,45.64000000,40489924,40489925,1669353818509,False,True
30199960,6.58000000,1.67000000,40489926,40489926,1669353818525,False,True
30199961,6.58000000,2.42000000,40489927,40489927,1669353823171,False,True
30199962,6.58000000,1.59000000,40489928,40489928,1669353824396,False,True
30199963,6.57000000,85.61000000,40489929,40489931,1669353848477,True,True
30199964,6.57000000,107.90000000,40489932,40489932,1669353856076,False,True
30199965,6.57000000,66.00000000,40489933,40489933,1669353856107,False,True
30199966,6.57000000,233.28000000,40489934,40489936,1669353856121,False,True
30199967,6.58000000,33.00000000,40489937,40489939,1669353856141,False,True
30199968,6.58000000,2.57000000,40489940,40489940,1669353856216,False,True
30199969,6.58000000,65.66000000,40489941,40489943,1669353856252,False,True
30199970,6.58000000,4.03000000,40489944,40489944,1669353861716,True,True
30199971,6.58000000,3.54000000,40489945,40489945,1669353868748,True,True
30199972,6.59000000,26.89000000,40489946,40489947,1669353882121,False,True
30199973,6.60000000,34.20000000,40489948,40489949,1669353948371,False,True
30199974,6.60000000,177.40000000,40489950,40489956,1669353948394,False,True
30199975,6.61000000,1.58000000,40489957,40489957,1669353949502,False,True
30199976,6.61000000,12.10000000,40489958,40489958,1669353949503,False,True
30199977,6.61000000,2.26000000,40489959,40489960,1669353949507,False,True
30199978,6.61000000,2.26000000,40489961,40489961,1669353949508,False,True
30199979,6.61000000,12.10000000,40489962,40489962,1669353949509,False,True
30199980,6.61000000,2.26000000,40489963,40489963,1669353949513,False,True
30199981,6.61000000,6.05000000,40489964,40489964,1669353949517,False,True
30199982,6.61000000,2.26000000,40489965,40489965,1669353949517,False,True
30199983,6.61000000,1.58000000,40489966,40489966,1669353949519,False,True
30199984,6.61000000,4.53000000,40489967,40489968,1669353949522,False,True
30199985,6.61000000,12.10000000,40489969,40489969,1669353949533,False,True
30199986,6.61000000,1.58000000,40489970,40489970,1669353949536,False,True
30199987,6.61000000,3.02000000,40489971,40489971,1669353949537,False,True
30199988,6.61000000,6.05000000,40489972,40489972,1669353949546,False,True
30199989,6.61000000,1.58000000,40489973,40489973,1669353949555,False,True
30199990,6.61000000,3.02000000,40489974,40489974,1669353949560,False,True
30199991,6.61000000,54.46000000,40489975,40489977,1669353951749,False,True
30199992,6.61000000,151.28000000,40489978,40489978,1669353953600,False,True
30199993,6.61000000,162.72000000,40489979,40489980,1669353953657,False,True
30199994,6.61000000,123.44000000,40489981,40489992,1669353960517,False,True
30199995,6.62000000,17.54000000,40489993,40489993,1669353962018,True,True
30199996,6.62000000,2.94000000,40489994,40489994,1669353965209,True,True
30199997,6.62000000,6.31000000,40489995,40489995,1669353980199,True,True
30199998,6.62000000,1.93000000,40489996,40489996,1669353986244,True,True
30199999,6.63000000,1.79000000,40489997,40489997,1669353989701,False,True
30200000,6.63000000,4.83000000,40489998,40489998,1669353995900,False,True
30200001,6.62000000,2.93000000,40489999,40489999,1669354011397,True,True
30200002,6.62000000,52.91000000,40490000,40490001,1669354020415,False,True
30200003,6.63000000,41.57000000,40490002,40490004,1669354020415,False,True
30200004,6.64000000,9.23000000,40490005,40490006,1669354020415,False,True
30200005,6.62000000,1.66000000,40490007,40490007,1669354039205,True,True
30200006,6.62000000,2.77000000,40490008,40490008,1669354044659,True,True
30200007,6.62000000,59.15000000,40490009,40490011,1669354049233,True,True
30200008,6.61000000,24.41000000,40490012,40490013,1669354049233,True,True
30200009,6.61000000,41.33000000,40490014,40490015,1669354050820,True,True
30200010,6.60000000,66.00000000,40490016,40490018,1669354074579,True,True
30200011,6.60000000,31.20000000,40490019,40490021,1669354074588,True,True
30200012,6.60000000,10.99000000,40490022,40490022,1669354074622,True,True
30200013,6.60000000,16.38000000,40490023,40490024,1669354077891,False,True
30200014,6.59000000,3.32000000,40490025,40490025,1669354078806,True,True
30200015,6.60000000,13.07000000,40490026,40490027,1669354079968,False,True
30200016,6.60000000,30.30000000,40490028,40490028,1669354080506,False,True
30200017,6.61000000,19.70000000,40490029,40490030,1669354080506,False,True
30200018,6.59000000,69.51000000,40490031,40490034,1669354106082,True,True
30200019,6.60000000,17.08000000,40490035,40490036,1669354107013,False,True
30200020,6.61000000,68.00000000,40490037,40490037,1669354107013,False,True
30200021,6.61000000,20.00000000,40490038,40490038,1669354126682,False,True
30200022,6.59000000,66.20000000,40490039,40490040,1669354196562,True,True
30200023,6.58000000,18.32000000,40490041,40490041,1669354196562,True,True
30200024,6.59000000,17.91000000,40490042,40490042,1669354197295,False,True
30200025,6.59000000,6.61000000,40490043,40490043,1669354197303,False,True
30200026,6.59000000,23.55000000,40490044,40490044,1669354203910,False,True
30200027,6.59000000,7.47000000,40490045,40490045,1669354227420,False,True
30200028,6.59000000,2.48000000,40490046,40490046,1669354227438,False,True
30200029,6.59000000,33.07000000,40490047,40490047,1669354227447,False,True
30200030,6.59000000,7.47000000,40490048,40490048,1669354227776,False,True
30200031,6.59000000,1.59000000,40490049,40490049,1669354227787,False,True
30200032,6.59000000,3.43000000,40490050,40490051,1669354229978,False,True
30200033,6.59000000,7.58000000,40490052,40490052,1669354232595,True,True
30200034,6.59000000,43.35000000,40490053,40490053,1669354232597,True,True
30200035,6.59000000,1.66000000,40490054,40490054,1669354245278,True,True
30200036,6.60000000,15.15000000,40490055,40490056,1669354248855,False,True
30200037,6.59000000,2.04000000,40490057,40490058,1669354249278,True,True
30200038,6.59000000,55.42000000,40490059,40490060,1669354267679,True,True
30200039,6.59000000,17.91000000,40490061,40490061,1669354267948,False,True
30200040,6.59000000,21.19000000,40490062,40490063,1669354284055,True,True
30200041,6.59000000,17.91000000,40490064,40490064,1669354284065,False,True
30200042,6.59000000,8.81000000,40490065,40490065,1669354284068,False,True
30200043,6.59000000,1.52000000,40490066,40490066,1669354354281,False,True
30200044,6.60000000,35.42000000,40490067,40490069,1669354354365,False,True
30200045,6.60000000,20.27000000,40490070,40490073,1669354354405,False,True
30200046,6.60000000,20.27000000,40490074,40490078,1669354354482,False,True
30200047,6.60000000,5.43000000,40490079,40490080,1669354361891,False,True
30200048,6.60000000,193.18000000,40490081,40490081,1669354365215,True,True
30200049,6.59000000,75.86000000,40490082,40490084,1669354365224,True,True
30200050,6.58000000,44.20000000,40490085,40490086,1669354365224,True,True
30200051,6.59000000,9.24000000,40490087,40490087,1669354375990,False,True
30200052,6.59000000,32.00000000,40490088,40490088,1669354389750,True,True
30200053,6.58000000,5.90000000,40490089,40490089,1669354394519,True,True
30200054,6.58000000,113.04000000,40490090,40490092,1669354406568,True,True
30200055,6.58000000,3.56000000,40490093,40490093,1669354414409,True,True
30200056,6.57000000,46.44000000,40490094,40490095,1669354414409,True,True
30200057,6.58000000,17.93000000,40490096,40490096,1669354414432,False,True
30200058,6.58000000,17.93000000,40490097,40490097,1669354417469,False,True
30200059,6.58000000,9.50000000,40490098,40490098,1669354417479,False,True
30200060,6.57000000,7.39000000,40490099,40490100,1669354419984,True,True
30200061,6.57000000,99.80000000,40490101,40490104,1669354428281,True,True
30200062,6.57000000,14.25000000,40490105,40490105,1669354436903,True,True
30200063,6.57000000,17.96000000,40490106,40490106,1669354436914,False,True
30200064,6.57000000,18.80000000,40490107,40490107,1669354436932,False,True
30200065,6.57000000,38.21000000,40490108,40490108,1669354436935,False,True
30200066,6.57000000,8.66000000,40490109,40490109,1669354436942,False,True
30200067,6.58000000,15.71000000,40490110,40490111,1669354437982,False,True
30200068,6.58000000,3.46000000,40490112,40490112,1669354438493,False,True
30200069,6.57000000,42.29000000,40490113,40490114,1669354440128,True,True
30200070,6.56000000,703.80000000,40490115,40490120,1669354440128,True,True
30200071,6.55000000,116.76000000,40490121,40490124,1669354440128,True,True
30200072,6.56000000,24.17000000,40490125,40490125,1669354440414,False,True
30200073,6.55000000,137.95000000,40490126,40490126,1669354440562,True,True
30200074,6.58000000,2.35000000,40490127,40490127,1669354445803,False,True
30200075,6.58000000,31.32000000,40490128,40490129,1669354447465,False,True
30200076,6.58000000,1.59000000,40490130,40490130,1669354447985,False,True
30200077,6.57000000,2.20000000,40490131,40490131,1669354453268,False,True
30200078,6.57000000,17.88000000,40490132,40490132,1669354453331,False,True
30200079,6.57000000,3.80000000,40490133,40490133,1669354471856,False,True
30200080,6.56000000,177.61000000,40490134,40490134,1669354515796,True,True
30200081,6.56000000,30.48000000,40490135,40490135,1669354519661,True,True
30200082,6.56000000,452.68000000,40490136,40490137,1669354527649,False,True
30200083,6.57000000,77.55000000,40490138,40490138,1669354527861,False,True
30200084,6.57000000,17.96000000,40490139,40490139,1669354529648,False,True
30200085,6.57000000,17.96000000,40490140,40490140,1669354529680,False,True
30200086,6.57000000,83.31000000,40490141,40490141,1669354529686,False,True
30200087,6.56000000,49.81000000,40490142,40490144,1669354529708,True,True
30200088,6.56000000,2.00000000,40490145,40490145,1669354549123,True,True
30200089,6.55000000,324.05000000,40490146,40490147,1669354549123,True,True
30200090,6.57000000,24.04000000,40490148,40490150,1669354549123,False,True
30200091,6.56000000,15.16000000,40490151,40490151,1669354596614,True,True
30200092,6.55000000,21.28000000,40490152,40490152,1669354596614,True,True
30200093,6.56000000,30.24000000,40490153,40490153,1669354606031,False,True
30200094,6.56000000,39.89000000,40490154,40490154,1669354615584,False,True
30200095,6.57000000,72.33000000,40490155,40490158,1669354615607,False,True
30200096,6.58000000,1.67000000,40490159,40490159,1669354622096,False,True
30200097,6.58000000,66.11000000,40490160,40490162,1669354629536,False,True
30200098,6.58000000,139.45000000,40490163,40490164,1669354641044,False,True
30200099,6.59000000,139.58000000,40490165,40490170,1669354641044,False,True
30200100,6.58000000,6.06000000,40490171,40490171,1669354674548,False,True
30200101,6.57000000,7.92000000,40490172,40490172,1669354684091,True,True
30200102,6.58000000,4.08000000,40490173,40490173,1669354686213,False,True
30200103,6.58000000,5.36000000,40490174,40490174,1669354686235,False,True
30200104,6.58000000,61.85000000,40490175,40490176,1669354690907,True,True
30200105,6.57000000,117.70000000,40490177,40490182,1669354690907,True,True
30200106,6.56000000,297.10000000,40490183,40490191,1669354690907,True,True
30200107,6.56000000,2.95000000,40490192,40490192,1669354698369,True,True
30200108,6.56000000,2.93000000,40490193,40490193,1669354700548,False,True
30200109,6.56000000,2.75000000,40490194,40490194,1669354708350,True,True
30200110,6.56000000,5.48000000,40490195,40490195,1669354708377,False,True
30200111,6.57000000,30.24000000,40490196,40490197,1669354725382,False,True
30200112,6.57000000,26.01000000,40490198,40490198,1669354768420,False,True
30200113,6.57000000,6.67000000,40490199,40490199,1669354769243,False,True
30200114,6.57000000,45.58000000,40490200,40490201,1669354773324,False,True
30200115,6.58000000,67.52000000,40490202,40490205,1669354773324,False,True
30200116,6.57000000,45.61000000,40490206,40490207,1669354777702,True,True
30200117,6.56000000,69.31000000,40490208,40490210,1669354777702,True,True
30200118,6.55000000,123.00000000,40490211,40490212,1669354777702,True,True
30200119,6.56000000,37.35000000,40490213,40490213,1669354779270,False,True
30200120,6.56000000,15.81000000,40490214,40490214,1669354785322,True,True
30200121,6.56000000,37.22000000,40490215,40490215,1669354785328,False,True
30200122,6.56000000,17.99000000,40490216,40490216,1669354785344,False,True
30200123,6.55000000,89.44000000,40490217,40490217,1669354798195,True,True
30200124,6.55000000,19.70000000,40490218,40490219,1669354803346,True,True
30200125,6.55000000,292.56000000,40490220,40490227,1669354815864,True,True
30200126,6.55000000,64.19000000,40490228,40490230,1669354817367,True,True
30200127,6.54000000,66.47000000,40490231,40490236,1669354817367,True,True
30200128,6.55000000,5.09000000,40490237,40490237,1669354823457,True,True
30200129,6.56000000,44.21000000,40490238,40490239,1669354827652,False,True
30200130,6.57000000,1.59000000,40490240,40490240,1669354828377,False,True
30200131,6.57000000,3.04000000,40490241,40490241,1669354828379,False,True
30200132,6.57000000,24.04000000,40490242,40490243,1669354828400,False,True
30200133,6.57000000,25.60000000,40490244,40490245,1669354828403,False,True
30200134,6.57000000,15.53000000,40490246,40490246,1669354828407,False,True
30200135,6.58000000,2.73000000,40490247,40490247,1669354828407,False,True
30200136,6.58000000,4.55000000,40490248,40490248,1669354828410,False,True
30200137,6.56000000,93.66000000,40490249,40490251,1669354833839,True,True
30200138,6.55000000,178.57000000,40490252,40490252,1669354833839,True,True
30200139,6.56000000,42.27000000,40490253,40490253,1669354850565,False,True
30200140,6.57000000,5.76000000,40490254,40490254,1669354860743,False,True
30200141,6.57000000,17.96000000,40490255,40490256,1669354861798,False,True
30200142,6.57000000,30.40000000,40490257,40490258,1669354861803,False,True
30200143,6.56000000,29.16000000,40490259,40490259,1669354862452,True,True
30200144,6.57000000,5.33000000,40490260,40490260,1669354870793,False,True
30200145,6.57000000,5.33000000,40490261,40490261,1669354871867,False,True
30200146,6.57000000,5.33000000,40490262,40490262,1669354871905,False,True
30200147,6.56000000,6.49000000,40490263,40490263,1669354878830,True,True
30200148,6.56000000,2.30000000,40490264,40490264,1669354905448,True,True
30200149,6.56000000,96.61000000,40490265,40490267,1669354927965,True,True
30200150,6.55000000,10.30000000,40490268,40490268,1669354945747,True,True
30200151,6.56000000,17.99000000,40490269,40490269,1669354949907,False,True
30200152,6.56000000,17.99000000,40490270,40490270,1669354949936,False,True
30200153,6.55000000,44.90000000,40490271,40490273,1669354951583,True,True
30200154,6.54000000,7.95000000,40490274,40490274,1669354951583,True,True
30200155,6.54000000,4.38000000,40490275,40490275,1669354977851,True,True
30200156,6.54000000,53.63000000,40490276,40490278,1669354986750,True,True
30200157,6.55000000,4.06000000,40490279,40490279,1669354987467,False,True
30200158,6.55000000,30.52000000,40490280,40490281,1669355001576,False,True
30200159,6.54000000,60.95000000,40490282,40490283,1669355005590,True,True
30200160,6.54000000,4.79000000,40490284,40490284,1669355006828,True,True
30200161,6.54000000,29.61000000,40490285,40490285,1669355014047,True,True
30200162,6.55000000,2.91000000,40490286,40490286,1669355039158,False,True
30200163,6.55000000,2.43000000,40490287,40490287,1669355039178,False,True
30200164,6.55000000,2.43000000,40490288,40490288,1669355039181,False,True
30200165,6.55000000,2.43000000,40490289,40490289,1669355039192,False,True
30200166,6.55000000,2.43000000,40490290,40490291,1669355039200,False,True
30200167,6.55000000,3.39000000,40490292,40490292,1669355048115,False,True
30200168,6.55000000,4.90000000,40490293,40490293,1669355048140,False,True
30200169,6.55000000,15.26000000,40490294,40490297,1669355062616,False,True
30200170,6.56000000,42.32000000,40490298,40490298,1669355075868,False,True
30200171,6.55000000,16.92000000,40490299,40490299,1669355083738,True,True
30200172,6.56000000,134.08000000,40490300,40490306,1669355129120,False,True
30200173,6.57000000,56.91000000,40490307,40490309,1669355135030,False,True
30200174,6.58000000,13.13000000,40490310,40490311,1669355139625,False,True
30200175,6.58000000,157.06000000,40490312,40490316,1669355166022,False,True
30200176,6.59000000,47.06000000,40490317,40490319,1669355204599,False,True
30200177,6.59000000,47.06000000,40490320,40490328,1669355204600,False,True
30200178,6.59000000,0.71000000,40490329,40490329,1669355204602,False,True
30200179,6.60000000,8.10000000,40490330,40490331,1669355204635,False,True
30200180,6.60000000,17.88000000,40490332,40490332,1669355204648,False,True
30200181,6.60000000,17.02000000,40490333,40490334,1669355204659,False,True
30200182,6.60000000,47.25000000,40490335,40490336,1669355204927,False,True
30200183,6.60000000,5.39000000,40490337,40490337,1669355204941,False,True
30200184,6.60000000,1.91000000,40490338,40490338,1669355211839,False,True
30200185,6.59000000,15.04000000,40490339,40490339,1669355214774,True,True
30200186,6.58000000,3.39000000,40490340,40490340,1669355214774,True,True
30200187,6.60000000,2.27000000,40490341,40490341,1669355219786,False,True
30200188,6.60000000,41.14000000,40490342,40490344,1669355225042,False,True
30200189,6.59000000,15.12000000,40490345,40490345,1669355246562,True,True
30200190,6.58000000,110.66000000,40490346,40490350,1669355246562,True,True
30200191,6.58000000,51.61000000,40490351,40490353,1669355266868,True,True
30200192,6.57000000,49.28000000,40490354,40490355,1669355266868,True,True
30200193,6.56000000,160.84000000,40490356,40490360,1669355266868,True,True
30200194,6.57000000,49.85000000,40490361,40490361,1669355266914,False,True
30200195,6.57000000,41.73000000,40490362,40490363,1669355266914,False,True
30200196,6.56000000,7.26000000,40490364,40490364,1669355306530,True,True
30200197,6.56000000,3.08000000,40490365,40490365,1669355311845,True,True
30200198,6.57000000,2.28000000,40490366,40490366,1669355312867,False,True
30200199,6.56000000,3.84000000,40490367,40490367,1669355313238,True,True
30200200,6.57000000,11.52000000,40490368,40490368,1669355313302,False,True
30200201,6.56000000,7.43000000,40490369,40490370,1669355347499,True,True
30200202,6.56000000,20.24000000,40490371,40490371,1669355347587,True,True
30200203,6.56000000,17.99000000,40490372,40490372,1669355356510,False,True
30200204,6.56000000,9.35000000,40490373,40490373,1669355356542,False,True
30200205,6.56000000,140.43000000,40490374,40490375,1669355366994,False,True
30200206,6.57000000,84.48000000,40490376,40490379,1669355367002,False,True
30200207,6.57000000,15.81000000,40490380,40490380,1669355367002,False,True
30200208,6.58000000,17.38000000,40490381,40490382,1669355377046,False,True
