30223084,5.63000000,238.11000000,40529311,40529317,1669593601704,True,True
30223085,5.62000000,61.98000000,40529318,40529320,1669593601704,True,True
30223086,5.61000000,353.81000000,40529321,40529324,1669593601704,True,True
30223087,5.60000000,257.16000000,40529325,40529328,1669593601704,True,True
30223088,5.61000000,1.79000000,40529329,40529329,1669593601731,True,True
30223089,5.62000000,1.79000000,40529330,40529330,1669593601741,False,True
30223090,5.61000000,17.71000000,40529331,40529331,1669593678506,True,True
30223091,5.63000000,2.72000000,40529332,40529333,1669593795745,False,True
30223092,5.63000000,35.58000000,40529334,40529335,1669593902947,False,True
30223093,5.63000000,2.65000000,40529336,40529336,1669593929265,False,True
30223094,5.63000000,31.97000000,40529337,40529338,1669593995704,False,True
30223095,5.63000000,20.07000000,40529339,40529339,1669594027167,False,True
30223096,5.62000000,6.02000000,40529340,40529341,1669594080273,True,True
30223097,5.61000000,44.43000000,40529342,40529346,1669594080273,True,True
30223098,5.62000000,10.57000000,40529347,40529348,1669594084390,False,True
30223099,5.62000000,10.57000000,40529349,40529349,1669594086640,False,True
30223100,5.62000000,3.26000000,40529350,40529350,1669594127378,False,True
30223101,5.62000000,2.55000000,40529351,40529351,1669594160726,False,True
30223102,5.62000000,3.04000000,40529352,40529352,1669594277201,False,True
30223103,5.62000000,200.00000000,40529353,40529355,1669594334824,False,True
30223104,5.61000000,5.05000000,40529356,40529356,1669594356158,True,True
30223105,5.61000000,56.98000000,40529357,40529359,1669594373093,True,True
30223106,5.61000000,58.21000000,40529360,40529364,1669594471392,True,True
30223107,5.61000000,1.78000000,40529365,40529365,1669594487520,True,True
30223108,5.61000000,23.94000000,40529366,40529367,1669594504147,True,True
30223109,5.60000000,28.12000000,40529368,40529368,1669594504147,True,True
30223110,5.60000000,2.00000000,40529369,40529369,1669594528740,True,True
30223111,5.62000000,2.89000000,40529370,40529370,1669594543975,False,True
30223112,5.60000000,20.02000000,40529371,40529371,1669594598667,True,True
30223113,5.62000000,2.99000000,40529372,40529372,1669594617627,False,True
30223114,5.62000000,2.49000000,40529373,40529373,1669594775561,False,True
30223115,5.62000000,88.96000000,40529374,40529379,1669594785247,False,True
30223116,5.61000000,2.94000000,40529380,40529380,1669594792853,True,True
30223117,5.61000000,171.22000000,40529381,40529386,1669594829550,True,True
30223118,5.61000000,78.25000000,40529387,40529387,1669594829560,False,True
30223119,5.61000000,6.78000000,40529388,40529388,1669594829561,False,True
30223120,5.61000000,44.51000000,40529389,40529389,1669594829572,False,True
30223121,5.61000000,78.25000000,40529390,40529390,1669594829581,False,True
30223122,5.61000000,7.20000000,40529391,40529391,1669594829628,False,True
30223123,5.61000000,7.20000000,40529392,40529392,1669594829643,False,True
30223124,5.61000000,75.44000000,40529393,40529393,1669594830030,False,True
30223125,5.61000000,3.18000000,40529394,40529394,1669594830827,False,True
30223126,5.61000000,63.21000000,40529395,40529395,1669594834916,False,True
30223127,5.61000000,2.98000000,40529396,40529396,1669594904440,True,True
30223128,5.61000000,24.60000000,40529397,40529397,1669594910327,False,True
30223129,5.61000000,33.22000000,40529398,40529398,1669594910353,False,True
30223130,5.61000000,8.62000000,40529399,40529399,1669594910356,False,True
30223131,5.60000000,757.59000000,40529400,40529400,1669594916741,True,True
30223132,5.62000000,2.85000000,40529401,40529402,1669594992363,False,True
30223133,5.62000000,1.80000000,40529403,40529403,1669595196728,False,True
30223134,5.62000000,2.69000000,40529404,40529404,1669595219641,False,True
30223135,5.62000000,13.59000000,40529405,40529405,1669595234080,False,True
30223136,5.62000000,17.79000000,40529406,40529406,1669595325752,False,True
30223137,5.61000000,170.00000000,40529407,40529413,1669595358682,True,True
30223138,5.61000000,25.25000000,40529414,40529415,1669595408624,True,True
30223139,5.61000000,6.74000000,40529416,40529416,1669595408637,False,True
30223140,5.61000000,2.13000000,40529417,40529418,1669595510582,False,True
30223141,5.61000000,21.05000000,40529419,40529419,1669595513435,False,True
30223142,5.61000000,2.50000000,40529420,40529420,1669595516473,False,True
30223143,5.62000000,163.62000000,40529421,40529427,1669595631294,False,True
30223144,5.63000000,88.40000000,40529428,40529433,1669595640407,False,True
30223145,5.63000000,7.83000000,40529434,40529434,1669595640430,True,True
30223146,5.63000000,6.12000000,40529435,40529435,1669595640461,True,True
30223147,5.63000000,2.53000000,40529436,40529436,1669595640491,True,True
30223148,5.63000000,3.65000000,40529437,40529437,1669595640515,True,True
30223149,5.63000000,3.93000000,40529438,40529438,1669595640534,True,True
30223150,5.63000000,2.22000000,40529439,40529439,1669595650006,True,True
30223151,5.63000000,70.00000000,40529440,40529440,1669595659838,True,True
30223152,5.63000000,71.04000000,40529441,40529442,1669595689210,True,True
30223153,5.63000000,8.95000000,40529443,40529443,1669595690912,False,True
30223154,5.62000000,1.79000000,40529444,40529444,1669595690937,True,True
30223155,5.61000000,1.79000000,40529445,40529445,1669595690937,True,True
30223156,5.60000000,3.96000000,40529446,40529446,1669595690937,True,True
30223157,5.62000000,24.56000000,40529447,40529447,1669595691822,False,True
30223158,5.62000000,19.50000000,40529448,40529449,1669595691830,False,True
30223159,5.62000000,314.47000000,40529450,40529453,1669595721861,False,True
30223160,5.63000000,73.02000000,40529454,40529456,1669595748930,False,True
30223161,5.64000000,16.86000000,40529457,40529458,1669595748963,False,True
30223162,5.64000000,29.78000000,40529459,40529460,1669595786614,False,True
30223163,5.64000000,9.30000000,40529461,40529461,1669595929753,False,True
30223164,5.64000000,6.21000000,40529462,40529462,1669595940094,False,True
30223165,5.64000000,4.62000000,40529463,40529463,1669595940116,False,True
30223166,5.64000000,4.65000000,40529464,40529464,1669595940128,False,True
30223167,5.63000000,2.24000000,40529465,40529466,1669595940170,True,True
30223168,5.63000000,16.11000000,40529467,40529467,1669595953644,True,True
30223169,5.63000000,95.35000000,40529468,40529470,1669595958508,True,True
30223170,5.63000000,39.40000000,40529471,40529472,1669595959682,False,True
30223171,5.63000000,4.15000000,40529473,40529473,1669595962274,False,True
30223172,5.62000000,112.69000000,40529474,40529477,1669595965057,True,True
30223173,5.62000000,24.56000000,40529478,40529478,1669595965069,False,True
30223174,5.62000000,24.56000000,40529479,40529479,1669595965085,False,True
30223175,5.62000000,454.17000000,40529480,40529480,1669595965092,False,True
30223176,5.62000000,27.60000000,40529481,40529481,1669595965103,False,True
30223177,5.62000000,17.31000000,40529482,40529482,1669595965146,False,True
30223178,5.62000000,20.34000000,40529483,40529485,1669595986393,False,True
30223179,5.62000000,71.03000000,40529486,40529487,1669596104272,True,True
30223180,5.61000000,17.82000000,40529488,40529490,1669596104275,True,True
30223181,5.62000000,53.53000000,40529491,40529492,1669596108552,False,True
30223182,5.62000000,8.40000000,40529493,40529494,1669596108567,False,True
30223183,5.62000000,4.27000000,40529495,40529495,1669596142518,True,True
30223184,5.61000000,57.67000000,40529496,40529500,1669596156546,True,True
30223185,5.60000000,2587.46000000,40529501,40529512,1669596156546,True,True
30223186,5.60000000,1.97000000,40529513,40529513,1669596156569,False,True
30223187,5.60000000,14.06000000,40529514,40529514,1669596222724,True,True
30223188,5.61000000,37.47000000,40529515,40529516,1669596246260,False,True
30223189,5.62000000,46.15000000,40529517,40529518,1669596246260,False,True
30223190,5.63000000,1.79000000,40529519,40529519,1669596246260,False,True
30223191,5.64000000,77.10000000,40529520,40529523,1669596246260,False,True
30223192,5.65000000,16.11000000,40529524,40529525,1669596246260,False,True
30223193,5.64000000,1.79000000,40529526,40529526,1669596246280,False,True
30223194,5.63000000,1.79000000,40529527,40529527,1669596246287,True,True
30223195,5.63000000,2.79000000,40529528,40529528,1669596365029,False,True
30223196,5.62000000,3.29000000,40529529,40529530,1669596393469,True,True
30223197,5.62000000,1.77000000,40529531,40529531,1669596474615,True,True
30223198,5.63000000,1.79000000,40529532,40529532,1669596477210,False,True
30223199,5.64000000,11.69000000,40529533,40529533,1669596477210,False,True
30223200,5.64000000,5.57000000,40529534,40529534,1669596589935,False,True
30223201,5.64000000,12.88000000,40529535,40529535,1669596600756,False,True
30223202,5.64000000,3.53000000,40529536,40529536,1669596619965,False,True
30223203,5.64000000,23.01000000,40529537,40529539,1669596990948,False,True
30223204,5.64000000,41.41000000,40529540,40529542,1669596990966,False,True
30223205,5.64000000,16.96000000,40529543,40529543,1669596990969,False,True
30223206,5.65000000,154.56000000,40529544,40529549,1669597065101,False,True
30223207,5.64000000,17.79000000,40529550,40529550,1669597065118,True,True
30223208,5.64000000,78.25000000,40529551,40529551,1669597065124,True,True
30223209,5.64000000,1.79000000,40529552,40529552,1669597065135,True,True
30223210,5.63000000,17.82000000,40529553,40529554,1669597065144,True,True
30223211,5.63000000,24.43000000,40529555,40529555,1669597067834,True,True
30223212,5.63000000,19.31000000,40529556,40529558,1669597067853,True,True
30223213,5.62000000,43.74000000,40529559,40529561,1669597067864,True,True
30223214,5.62000000,17.82000000,40529562,40529562,1669597074831,True,True
30223215,5.62000000,33.19000000,40529563,40529564,1669597074832,True,True
30223216,5.61000000,17.82000000,40529565,40529566,1669597074836,True,True
30223217,5.61000000,36.66000000,40529567,40529568,1669597259442,True,True
30223218,5.60000000,182.38000000,40529569,40529575,1669597259442,True,True
30223219,5.60000000,24.64000000,40529576,40529576,1669597259452,False,True
30223220,5.60000000,78.25000000,40529577,40529577,1669597259453,False,True
30223221,5.60000000,8.10000000,40529578,40529578,1669597259478,False,True
30223222,5.60000000,99.42000000,40529579,40529579,1669597259480,False,True
30223223,5.60000000,24.64000000,40529580,40529580,1669597259494,False,True
30223224,5.60000000,24.64000000,40529581,40529581,1669597259538,False,True
30223225,5.60000000,24.64000000,40529582,40529583,1669597259556,False,True
30223226,5.60000000,13.79000000,40529584,40529584,1669597325037,True,True
30223227,5.59000000,536.18000000,40529585,40529596,1669597325037,True,True
30223228,5.61000000,44.51000000,40529597,40529597,1669597336696,False,True
30223229,5.61000000,2.79000000,40529598,40529598,1669597346188,False,True
30223230,5.61000000,2.13000000,40529599,40529599,1669597346428,False,True
30223231,5.61000000,2.67000000,40529600,40529600,1669597346430,False,True
30223232,5.61000000,25.51000000,40529601,40529601,1669597424337,False,True
30223233,5.60000000,11.97000000,40529602,40529602,1669597541938,True,True
30223234,5.60000000,80.81000000,40529603,40529604,1669597695154,True,True
30223235,5.59000000,29.43000000,40529605,40529605,1669597695154,True,True
30223236,5.59000000,296.14000000,40529606,40529611,1669597728830,True,True
30223237,5.59000000,20.54000000,40529612,40529612,1669597728867,True,True
30223238,5.58000000,206.78000000,40529613,40529621,1669597728882,True,True
30223239,5.59000000,13.06000000,40529622,40529622,1669597729098,False,True
30223240,5.59000000,2.04000000,40529623,40529623,1669597731079,False,True
30223241,5.59000000,7.44000000,40529624,40529624,1669597731156,False,True
30223242,5.58000000,66.00000000,40529625,40529626,1669597779438,True,True
30223243,5.58000000,16.22000000,40529627,40529627,1669597779470,True,True
30223244,5.57000000,1.73000000,40529628,40529628,1669597779470,True,True
30223245,5.57000000,28.80000000,40529629,40529630,1669597779470,True,True
30223246,5.58000000,6.42000000,40529631,40529631,1669597800196,False,True
30223247,5.58000000,1.82000000,40529632,40529632,1669597808152,False,True
30223248,5.58000000,153.18000000,40529633,40529638,1669597876420,False,True
30223249,5.57000000,2.49000000,40529639,40529639,1669597884728,True,True
30223250,5.57000000,2.63000000,40529640,40529640,1669597884792,True,True
30223251,5.57000000,2.23000000,40529641,40529642,1669597884824,True,True
30223252,5.57000000,2.38000000,40529643,40529644,1669597890407,True,True
30223253,5.57000000,133.78000000,40529645,40529645,1669597891160,True,True
30223254,5.57000000,87.76000000,40529646,40529646,1669597918320,True,True
30223255,5.57000000,87.56000000,40529647,40529649,1669597931734,True,True
30223256,5.56000000,54.01000000,40529650,40529655,1669597931734,True,True
30223257,5.55000000,628.37000000,40529656,40529672,1669597931734,True,True
30223258,5.54000000,480.64000000,40529673,40529682,1669597931734,True,True
30223259,5.53000000,1002.79000000,40529683,40529686,1669597931734,True,True
30223260,5.52000000,120.40000000,40529687,40529692,1669597931734,True,True
30223261,5.51000000,211.63000000,40529693,40529701,1669597931734,True,True
30223262,5.50000000,2621.80000000,40529702,40529744,1669597931734,True,True
30223263,5.50000000,17.22000000,40529745,40529745,1669597931734,True,True
30223264,5.52000000,1.91000000,40529746,40529746,1669597931734,False,True
30223265,5.50000000,45.34000000,40529747,40529747,1669597931734,True,True
30223266,5.49000000,82.83000000,40529748,40529749,1669597931734,True,True
30223267,5.48000000,11.00000000,40529750,40529751,1669597931734,True,True
30223268,5.48000000,27.72000000,40529752,40529754,1669597931734,True,True
30223269,5.49000000,245.11000000,40529755,40529757,1669597931742,False,True
30223270,5.50000000,161.59000000,40529758,40529758,1669597931742,False,True
30223271,5.50000000,378.94000000,40529759,40529763,1669597931742,False,True
30223272,5.52000000,27.76000000,40529764,40529764,1669597931742,False,True
30223273,5.52000000,116.16000000,40529765,40529765,1669597931743,False,True
30223274,5.53000000,17.70000000,40529766,40529766,1669597931743,False,True
30223275,5.55000000,94.49000000,40529767,40529767,1669597931745,False,True
30223276,5.53000000,26.53000000,40529768,40529768,1669597931751,False,True
30223277,5.53000000,9.34000000,40529769,40529769,1669597931752,False,True
30223278,5.51000000,17.98000000,40529770,40529770,1669597931758,True,True
30223279,5.52000000,81.44000000,40529771,40529771,1669597931765,False,True
30223280,5.53000000,17.70000000,40529772,40529772,1669597931771,False,True
30223281,5.51000000,30.43000000,40529773,40529774,1669597931773,True,True
30223282,5.51000000,1.94000000,40529775,40529775,1669597931774,True,True
30223283,5.53000000,4.26000000,40529776,40529776,1669597931777,False,True
30223284,5.52000000,36.23000000,40529777,40529777,1669597931818,True,True
30223285,5.51000000,21.96000000,40529778,40529778,1669597931818,True,True
30223286,5.53000000,3.35000000,40529779,40529780,1669597931879,False,True
30223287,5.53000000,20.00000000,40529781,40529781,1669597931885,False,True
30223288,5.53000000,2.90000000,40529782,40529782,1669597931898,False,True
30223289,5.53000000,2.36000000,40529783,40529783,1669597931911,False,True
30223290,5.52000000,20.06000000,40529784,40529784,1669597931932,True,True
30223291,5.53000000,10.69000000,40529785,40529786,1669597931946,False,True
30223292,5.53000000,3.56000000,40529787,40529787,1669597931954,False,True
30223293,5.53000000,1.95000000,40529788,40529788,1669597932030,False,True
30223294,5.52000000,26.07000000,40529789,40529790,1669597932162,True,True
30223295,5.49000000,65.00000000,40529791,40529793,1669597932162,True,True
30223296,5.48000000,156.10000000,40529794,40529794,1669597932162,True,True
30223297,5.52000000,22.39000000,40529795,40529795,1669597932191,False,True
30223298,5.52000000,25.00000000,40529796,40529796,1669597932259,False,True
30223299,5.52000000,25.00000000,40529797,40529798,1669597932290,False,True
30223300,5.52000000,25.00000000,40529799,40529799,1669597932302,False,True
30223301,5.52000000,52.90000000,40529800,40529802,1669597932343,False,True
30223302,5.50000000,7.17000000,40529803,40529803,1669597932667,True,True
30223303,5.52000000,25.00000000,40529804,40529804,1669597932784,False,True
30223304,5.52000000,100.81000000,40529805,40529807,1669597932819,False,True
30223305,5.51000000,47.33000000,40529808,40529809,1669597933501,True,True
30223306,5.50000000,6.82000000,40529810,40529810,1669597933501,True,True
30223307,5.52000000,14.00000000,40529811,40529811,1669597933570,False,True
30223308,5.53000000,107.89000000,40529812,40529814,1669597934525,False,True
30223309,5.53000000,3.61000000,40529815,40529815,1669597935004,False,True
30223310,5.53000000,1.89000000,40529816,40529816,1669597935113,False,True
30223311,5.53000000,1.89000000,40529817,40529817,1669597935113,False,True
30223312,5.53000000,2.71000000,40529818,40529818,1669597935114,False,True
30223313,5.53000000,2.16000000,40529819,40529819,1669597935118,False,True
30223314,5.53000000,1.89000000,40529820,40529820,1669597935119,False,True
30223315,5.53000000,2.71000000,40529821,40529821,1669597935120,False,True
30223316,5.53000000,5.42000000,40529822,40529822,1669597935124,False,True
30223317,5.53000000,1.89000000,40529823,40529823,1669597935133,False,True
30223318,5.53000000,2.16000000,40529824,40529824,1669597935137,False,True
30223319,5.53000000,2.71000000,40529825,40529825,1669597935137,False,True
30223320,5.53000000,2.71000000,40529826,40529826,1669597935139,False,True
30223321,5.53000000,5.42000000,40529827,40529827,1669597935139,False,True
30223322,5.53000000,1.89000000,40529828,40529828,1669597935140,False,True
30223323,5.53000000,5.42000000,40529829,40529829,1669597935141,False,True
30223324,5.53000000,5.42000000,40529830,40529830,1669597935155,False,True
30223325,5.53000000,2.71000000,40529831,40529831,1669597935155,False,True
30223326,5.53000000,3.61000000,40529832,40529832,1669597935164,False,True
30223327,5.53000000,5.42000000,40529833,40529833,1669597935168,False,True
30223328,5.53000000,1.89000000,40529834,40529834,1669597935171,False,True
30223329,5.53000000,3.00000000,40529835,40529835,1669597935191,False,True
30223330,5.52000000,4.00000000,40529836,40529836,1669597937461,True,True
30223331,5.52000000,16.54000000,40529837,40529838,1669597939521,True,True
30223332,5.52000000,10.68000000,40529839,40529839,1669597939537,False,True
30223333,5.52000000,25.00000000,40529840,40529840,1669597939551,False,True
30223334,5.52000000,10.55000000,40529841,40529841,1669597939553,False,True
30223335,5.52000000,54.10000000,40529842,40529843,1669597951395,True,True
30223336,5.52000000,18.50000000,40529844,40529844,1669597951414,False,True
30223337,5.52000000,25.00000000,40529845,40529845,1669597951428,False,True
30223338,5.52000000,25.00000000,40529846,40529847,1669597955782,False,True
30223339,5.52000000,491.34000000,40529848,40529848,1669597955796,False,True
30223340,5.52000000,25.00000000,40529849,40529849,1669597955804,False,True
30223341,5.52000000,25.00000000,40529850,40529852,1669597955816,False,True
30223342,5.52000000,25.00000000,40529853,40529853,1669597955846,False,True
30223343,5.52000000,5.12000000,40529854,40529854,1669597958298,True,True
30223344,5.51000000,106.12000000,40529855,40529856,1669597958298,True,True
30223345,5.50000000,738.40000000,40529857,40529865,1669597958298,True,True
30223346,5.49000000,1108.04000000,40529866,40529868,1669597958298,True,True
30223347,5.48000000,266.59000000,40529869,40529872,1669597958298,True,True
30223348,5.47000000,768.94000000,40529873,40529876,1669597958298,True,True
30223349,5.50000000,24.84000000,40529877,40529877,1669597958345,True,True
30223350,5.49000000,7.95000000,40529878,40529878,1669597958345,True,True
30223351,5.49000000,34.85000000,40529879,40529879,1669597959128,True,True
30223352,5.46000000,12.12000000,40529880,40529884,1669597959150,True,True
30223353,5.45000000,22.03000000,40529885,40529886,1669597959150,True,True
30223354,5.45000000,62.07000000,40529887,40529887,1669597959150,True,True
30223355,5.48000000,10.19000000,40529888,40529888,1669597959183,False,True
30223356,5.46000000,10.45000000,40529889,40529889,1669597960506,True,True
30223357,5.45000000,29.33000000,40529890,40529890,1669597960506,True,True
30223358,5.47000000,2.93000000,40529891,40529891,1669597960832,False,True
30223359,5.48000000,2.15000000,40529892,40529892,1669597964587,False,True
30223360,5.48000000,23.85000000,40529893,40529893,1669597964599,False,True
30223361,5.49000000,178.71000000,40529894,40529896,1669597964599,False,True
30223362,5.50000000,0.01000000,40529897,40529897,1669597964599,False,True
30223363,5.49000000,3.64000000,40529898,40529898,1669597965143,False,True
30223364,5.49000000,1.91000000,40529899,40529899,1669597965145,False,True
30223365,5.49000000,2.18000000,40529900,40529900,1669597965153,False,True
30223366,5.49000000,1.91000000,40529901,40529901,1669597965189,False,True
30223367,5.49000000,7.07000000,40529902,40529902,1669597972048,False,True
30223368,5.48000000,3.64000000,40529903,40529903,1669597975426,False,True
30223369,5.48000000,10.00000000,40529904,40529904,1669597981888,False,True
30223370,5.47000000,15.35000000,40529905,40529905,1669597984087,True,True
30223371,5.47000000,33.15000000,40529906,40529906,1669597984096,True,True
30223372,5.47000000,0.70000000,40529907,40529907,1669597989091,True,True
30223373,5.46000000,5.79000000,40529908,40529908,1669597989091,True,True
30223374,5.46000000,128.21000000,40529909,40529912,1669597992351,True,True
30223375,5.47000000,5.91000000,40529913,40529913,1669597992450,False,True
30223376,5.45000000,43.93000000,40529914,40529914,1669597998264,True,True
30223377,5.46000000,3.42000000,40529915,40529915,1669598001680,False,True
30223378,5.45000000,16.22000000,40529916,40529916,1669598006469,True,True
30223379,5.46000000,2.97000000,40529917,40529917,1669598008975,False,True
30223380,5.46000000,1.98000000,40529918,40529919,1669598011575,False,True
30223381,5.46000000,2.77000000,40529920,40529920,1669598013544,False,True
30223382,5.46000000,2.94000000,40529921,40529921,1669598015522,False,True
30223383,5.46000000,3.08000000,40529922,40529922,1669598016838,False,True
30223384,5.46000000,2.81000000,40529923,40529923,1669598020012,False,True
30223385,5.46000000,3.00000000,40529924,40529924,1669598038014,False,True
30223386,5.47000000,22.50000000,40529925,40529925,1669598050359,False,True
30223387,5.47000000,25.23000000,40529926,40529926,1669598050389,False,True
30223388,5.47000000,182.34000000,40529927,40529931,1669598050393,False,True
30223389,5.48000000,2.92000000,40529932,40529932,1669598050629,False,True
30223390,5.48000000,2.97000000,40529933,40529933,1669598051287,False,True
30223391,5.48000000,58.72000000,40529934,40529936,1669598057420,False,True
30223392,5.48000000,15.21000000,40529937,40529937,1669598064150,False,True
30223393,5.49000000,3.63000000,40529938,40529938,1669598064150,False,True
30223394,5.49000000,5.44000000,40529939,40529939,1669598066727,False,True
30223395,5.48000000,18.24000000,40529940,40529940,1669598073533,False,True
30223396,5.48000000,18.24000000,40529941,40529941,1669598073555,False,True
30223397,5.48000000,0.01000000,40529942,40529942,1669598089726,False,True
30223398,5.49000000,2.30000000,40529943,40529943,1669598089726,False,True
30223399,5.48000000,1.84000000,40529944,40529944,1669598116458,False,True
30223400,5.47000000,10.59000000,40529945,40529945,1669598117037,True,True
30223401,5.48000000,2.48000000,40529946,40529946,1669598138863,False,True
30223402,5.48000000,9.12000000,40529947,40529948,1669598142797,False,True
30223403,5.48000000,5.67000000,40529949,40529949,1669598168210,False,True
30223404,5.48000000,25.20000000,40529950,40529950,1669598168337,True,True
30223405,5.48000000,25.20000000,40529951,40529951,1669598169707,True,True
30223406,5.48000000,18.24000000,40529952,40529953,1669598169711,True,True
30223407,5.48000000,8.01000000,40529954,40529955,1669598187389,True,True
30223408,5.48000000,25.20000000,40529956,40529956,1669598189344,True,True
30223409,5.48000000,23.12000000,40529957,40529957,1669598192484,True,True
30223410,5.49000000,1144.42000000,40529958,40529958,1669598201507,False,True
30223411,5.49000000,17.13000000,40529959,40529959,1669598201535,False,True
30223412,5.49000000,46.99000000,40529960,40529961,1669598202322,True,True
30223413,5.50000000,18.11000000,40529962,40529962,1669598227330,False,True
30223414,5.50000000,68.85000000,40529963,40529967,1669598242815,False,True
30223415,5.51000000,860.21000000,40529968,40529968,1669598242815,False,True
30223416,5.49000000,3.41000000,40529969,40529969,1669598245607,True,True
30223417,5.49000000,49.22000000,40529970,40529972,1669598246309,True,True
30223418,5.48000000,0.98000000,40529973,40529973,1669598246309,True,True
30223419,5.49000000,2.73000000,40529974,40529974,1669598246426,False,True
30223420,5.50000000,8.60000000,40529975,40529975,1669598263071,False,True
30223421,5.48000000,5.93000000,40529976,40529976,1669598272317,True,True
30223422,5.50000000,17.76000000,40529977,40529977,1669598276452,False,True
30223423,5.48000000,65.69000000,40529978,40529979,1669598277522,True,True
30223424,5.47000000,137.99000000,40529980,40529983,1669598277522,True,True
30223425,5.46000000,168.59000000,40529984,40529987,1669598277522,True,True
30223426,5.45000000,175.71000000,40529988,40529993,1669598277522,True,True
30223427,5.44000000,72.75000000,40529994,40529997,1669598277522,True,True
30223428,5.43000000,1534.09000000,40529998,40530003,1669598277522,True,True
30223429,5.42000000,711.88000000,40530004,40530013,1669598277522,True,True
30223430,5.41000000,1248.99000000,40530014,40530018,1669598277522,True,True
30223431,5.40000000,878.44000000,40530019,40530030,1669598277522,True,True
30223432,5.40000000,10.00000000,40530031,40530031,1669598277522,True,True
30223433,5.41000000,1.95000000,40530032,40530032,1669598277522,False,True
30223434,5.40000000,2.12000000,40530033,40530033,1669598277522,True,True
30223435,5.40000000,11.62000000,40530034,40530034,1669598277522,True,True
30223436,5.41000000,13.54000000,40530035,40530035,1669598277528,False,True
30223437,5.41000000,1.15000000,40530036,40530036,1669598277529,False,True
30223438,5.41000000,18.28000000,40530037,40530037,1669598277538,True,True
30223439,5.45000000,73.39000000,40530038,40530038,1669598277542,True,True
30223440,5.41000000,651.63000000,40530039,40530041,1669598277542,True,True
30223441,5.41000000,87.93000000,40530042,40530042,1669598277543,True,True
30223442,5.41000000,99.14000000,40530043,40530044,1669598277544,True,True
30223443,5.40000000,87.93000000,40530045,40530047,1669598277544,True,True
30223444,5.40000000,78.48000000,40530048,40530048,1669598277545,True,True
30223445,5.40000000,14.00000000,40530049,40530049,1669598277551,True,True
30223446,5.39000000,28.15000000,40530050,40530051,1669598277551,True,True
30223447,5.41000000,36.96000000,40530052,40530052,1669598277556,True,True
30223448,5.40000000,42.27000000,40530053,40530053,1669598277595,True,True
30223449,5.39000000,85.62000000,40530054,40530055,1669598277595,True,True
30223450,5.42000000,3.49000000,40530056,40530056,1669598277742,False,True
30223451,5.42000000,12.58000000,40530057,40530057,1669598277807,False,True
30223452,5.39000000,12.36000000,40530058,40530059,1669598277917,True,True
30223453,5.38000000,112.08000000,40530060,40530065,1669598277917,True,True
30223454,5.37000000,465.97000000,40530066,40530069,1669598277917,True,True
30223455,5.42000000,5.29000000,40530070,40530070,1669598278375,False,True
30223456,5.41000000,2.97000000,40530071,40530071,1669598278472,False,True
30223457,5.39000000,2.22000000,40530072,40530072,1669598278477,True,True
30223458,5.38000000,5.06000000,40530073,40530073,1669598278477,True,True
30223459,5.40000000,22.43000000,40530074,40530074,1669598278728,False,True
30223460,5.39000000,2.22000000,40530075,40530075,1669598279153,True,True
30223461,5.38000000,27.39000000,40530076,40530077,1669598279303,True,True
30223462,5.40000000,90.74000000,40530078,40530080,1669598280340,False,True
30223463,5.40000000,3.38000000,40530081,40530082,1669598280853,False,True
30223464,5.40000000,1.94000000,40530083,40530083,1669598281443,False,True
30223465,5.40000000,4.62000000,40530084,40530085,1669598281446,False,True
30223466,5.40000000,1.94000000,40530086,40530086,1669598281447,False,True
30223467,5.40000000,2.22000000,40530087,40530087,1669598281448,False,True
30223468,5.40000000,3.61000000,40530088,40530088,1669598281452,False,True
30223469,5.40000000,2.77000000,40530089,40530089,1669598281473,False,True
30223470,5.40000000,5.55000000,40530090,40530090,1669598281479,False,True
30223471,5.40000000,1.94000000,40530091,40530091,1669598281672,False,True
30223472,5.40000000,2.77000000,40530092,40530092,1669598281673,False,True
30223473,5.40000000,1.94000000,40530093,40530093,1669598281685,False,True
30223474,5.40000000,2.14000000,40530094,40530094,1669598282467,False,True
30223475,5.40000000,60.00000000,40530095,40530096,1669598282696,False,True
30223476,5.41000000,3.52000000,40530097,40530097,1669598285678,False,True
30223477,5.42000000,15.06000000,40530098,40530098,1669598286939,False,True
30223478,5.42000000,4.46000000,40530099,40530099,1669598287560,True,True
30223479,5.43000000,7.17000000,40530100,40530100,1669598301653,False,True
30223480,5.43000000,2.00000000,40530101,40530101,1669598303563,False,True
30223481,5.43000000,2.38000000,40530102,40530102,1669598310238,False,True
30223482,5.43000000,19.79000000,40530103,40530103,1669598310249,False,True
30223483,5.43000000,3.08000000,40530104,40530105,1669598310898,False,True
30223484,5.42000000,95.79000000,40530106,40530109,1669598311737,True,True
30223485,5.42000000,2.90000000,40530110,40530110,1669598312903,False,True
30223486,5.42000000,2.90000000,40530111,40530111,1669598315789,False,True
30223487,5.43000000,3.05000000,40530112,40530112,1669598319058,False,True
30223488,5.42000000,5.83000000,40530113,40530113,1669598320638,True,True
30223489,5.42000000,50.00000000,40530114,40530115,1669598321248,True,True
30223490,5.43000000,17.62000000,40530116,40530117,1669598330074,False,True
30223491,5.43000000,78.25000000,40530118,40530120,1669598330083,False,True
30223492,5.43000000,47.58000000,40530121,40530124,1669598336840,False,True
30223493,5.44000000,89.75000000,40530125,40530127,1669598336840,False,True
30223494,5.44000000,48.33000000,40530128,40530128,1669598336845,True,True
30223495,5.44000000,8.72000000,40530129,40530129,1669598336870,True,True
30223496,5.44000000,72.51000000,40530130,40530130,1669598336879,True,True
30223497,5.45000000,3.37000000,40530131,40530131,1669598340068,True,True
30223498,5.45000000,2.13000000,40530132,40530132,1669598340914,True,True
30223499,5.46000000,78.25000000,40530133,40530133,1669598345055,True,True
30223500,5.46000000,78.25000000,40530134,40530134,1669598345077,True,True
30223501,5.46000000,7.26000000,40530135,40530135,1669598347340,True,True
30223502,5.46000000,66.00000000,40530136,40530137,1669598347342,True,True
30223503,5.45000000,73.45000000,40530138,40530139,1669598352465,True,True
30223504,5.44000000,36.86000000,40530140,40530140,1669598352465,True,True
30223505,5.42000000,29.02000000,40530141,40530141,1669598352465,True,True
30223506,5.40000000,27.76000000,40530142,40530142,1669598352465,True,True
30223507,5.44000000,143.55000000,40530143,40530144,1669598353083,False,True
30223508,5.45000000,36.63000000,40530145,40530145,1669598353083,False,True
30223509,5.46000000,81.27000000,40530146,40530147,1669598353083,False,True
30223510,5.47000000,14.70000000,40530148,40530151,1669598353083,False,True
30223511,5.45000000,3.51000000,40530152,40530152,1669598357372,True,True
30223512,5.45000000,17.09000000,40530153,40530154,1669598361288,True,True
30223513,5.44000000,1.29000000,40530155,40530155,1669598361288,True,True
30223514,5.45000000,17.42000000,40530156,40530156,1669598369252,False,True
30223515,5.45000000,2.00000000,40530157,40530157,1669598380544,False,True
30223516,5.44000000,9.28000000,40530158,40530158,1669598381854,True,True
30223517,5.43000000,60.15000000,40530159,40530160,1669598381854,True,True
30223518,5.45000000,3.11000000,40530161,40530161,1669598412180,False,True
30223519,5.43000000,3.68000000,40530162,40530162,1669598419259,True,True
30223520,5.42000000,32.79000000,40530163,40530164,1669598419259,True,True
30223521,5.45000000,17.09000000,40530165,40530166,1669598431292,False,True
30223522,5.42000000,18.48000000,40530167,40530169,1669598437223,True,True
30223523,5.42000000,8.80000000,40530170,40530170,1669598437224,True,True
30223524,5.42000000,26.48000000,40530171,40530173,1669598437224,True,True
30223525,5.41000000,17.44000000,40530174,40530175,1669598437224,True,True
30223526,5.40000000,109.76000000,40530176,40530177,1669598437224,True,True
30223527,5.39000000,17.30000000,40530178,40530178,1669598437224,True,True
30223528,5.39000000,24.49000000,40530179,40530179,1669598437248,True,True
30223529,5.39000000,18.52000000,40530180,40530181,1669598437250,True,True
30223530,5.39000000,3.29000000,40530182,40530182,1669598437267,True,True
30223531,5.39000000,2.79000000,40530183,40530183,1669598437288,True,True
30223532,5.42000000,3.31000000,40530184,40530184,1669598440793,False,True
30223533,5.41000000,12.64000000,40530185,40530185,1669598441760,True,True
30223534,5.42000000,18.29000000,40530186,40530186,1669598444084,False,True
30223535,5.42000000,3.48000000,40530187,40530187,1669598444497,False,True
30223536,5.42000000,125.75000000,40530188,40530191,1669598451677,False,True
30223537,5.43000000,93.86000000,40530192,40530194,1669598451677,False,True
30223538,5.43000000,366.00000000,40530195,40530195,1669598451682,True,True
30223539,5.43000000,366.00000000,40530196,40530197,1669598451687,True,True
30223540,5.44000000,36.83000000,40530198,40530198,1669598451689,False,True
30223541,5.44000000,79.23000000,40530199,40530200,1669598451733,False,True
30223542,5.42000000,96.80000000,40530201,40530203,1669598453600,True,True
30223543,5.42000000,73.79000000,40530204,40530205,1669598496031,True,True
30223544,5.41000000,3.05000000,40530206,40530206,1669598496031,True,True
30223545,5.42000000,36.83000000,40530207,40530207,1669598513200,False,True
30223546,5.43000000,46.57000000,40530208,40530210,1669598513200,False,True
30223547,5.43000000,138.14000000,40530211,40530211,1669598513208,True,True
30223548,5.44000000,66.00000000,40530212,40530213,1669598513211,False,True
30223549,5.44000000,54.01000000,40530214,40530216,1669598513214,False,True
30223550,5.44000000,66.00000000,40530217,40530217,1669598513217,False,True
30223551,5.46000000,2.75000000,40530218,40530218,1669598513366,False,True
30223552,5.45000000,150.35000000,40530219,40530221,1669598513433,True,True
30223553,5.44000000,72.30000000,40530222,40530223,1669598522509,True,True
30223554,5.45000000,2.04000000,40530224,40530224,1669598523062,False,True
30223555,5.46000000,1.39000000,40530225,40530225,1669598523062,False,True
30223556,5.43000000,3.47000000,40530226,40530226,1669598538998,True,True
30223557,5.46000000,152.99000000,40530227,40530230,1669598539717,False,True
30223558,5.47000000,115.73000000,40530231,40530236,1669598539729,False,True
30223559,5.46000000,24.75000000,40530237,40530237,1669598539731,True,True
30223560,5.46000000,33.43000000,40530238,40530238,1669598541868,True,True
30223561,5.45000000,36.73000000,40530239,40530239,1669598541880,True,True
30223562,5.43000000,69.21000000,40530240,40530242,1669598543390,True,True
30223563,5.42000000,3.47000000,40530243,40530243,1669598543390,True,True
30223564,5.43000000,2.93000000,40530244,40530244,1669598543781,True,True
30223565,5.44000000,171.05000000,40530245,40530248,1669598551673,False,True
30223566,5.45000000,72.83000000,40530249,40530250,1669598551673,False,True
30223567,5.46000000,11.52000000,40530251,40530251,1669598551720,True,True
30223568,5.46000000,21.66000000,40530252,40530252,1669598551878,True,True
30223569,5.46000000,66.00000000,40530253,40530254,1669598553952,True,True
30223570,5.44000000,16.06000000,40530255,40530255,1669598553972,True,True
30223571,5.45000000,36.59000000,40530256,40530256,1669598556248,True,True
30223572,5.44000000,98.91000000,40530257,40530259,1669598556248,True,True
30223573,5.43000000,25.68000000,40530260,40530260,1669598556248,True,True
30223574,5.45000000,31.84000000,40530261,40530261,1669598568293,True,True
30223575,5.46000000,68.50000000,40530262,40530262,1669598573886,True,True
30223576,5.44000000,2.14000000,40530263,40530263,1669598580390,True,True
30223577,5.44000000,428.38000000,40530264,40530266,1669598597200,False,True
30223578,5.45000000,31.95000000,40530267,40530268,1669598597200,False,True
30223579,5.45000000,9.15000000,40530269,40530269,1669598622735,False,True
30223580,5.43000000,2.31000000,40530270,40530270,1669598673056,True,True
30223581,5.43000000,17.58000000,40530271,40530271,1669598679545,True,True
30223582,5.43000000,53.46000000,40530272,40530273,1669598703977,True,True
30223583,5.42000000,24.79000000,40530274,40530274,1669598704003,True,True
30223584,5.42000000,1.02000000,40530275,40530275,1669598704953,True,True
30223585,5.41000000,35.24000000,40530276,40530276,1669598704953,True,True
30223586,5.41000000,1.35000000,40530277,40530277,1669598704961,True,True
30223587,5.40000000,25.81000000,40530278,40530278,1669598704961,True,True
30223588,5.40000000,7.39000000,40530279,40530279,1669598706103,True,True
30223589,5.41000000,165.01000000,40530280,40530283,1669598706702,False,True
30223590,5.41000000,33.00000000,40530284,40530285,1669598706702,False,True
30223591,5.42000000,29.40000000,40530286,40530286,1669598706713,False,True
30223592,5.40000000,52.67000000,40530287,40530289,1669598719095,True,True
30223593,5.39000000,36.76000000,40530290,40530290,1669598719095,True,True
30223594,5.38000000,119.70000000,40530291,40530293,1669598719095,True,True
30223595,5.37000000,81.56000000,40530294,40530295,1669598719095,True,True
30223596,5.36000000,33.73000000,40530296,40530297,1669598719095,True,True
30223597,5.35000000,1152.34000000,40530298,40530302,1669598719095,True,True
30223598,5.35000000,18.27000000,40530303,40530303,1669598719105,False,True
30223599,5.35000000,25.79000000,40530304,40530304,1669598719114,False,True
30223600,5.35000000,2.68000000,40530305,40530305,1669598719132,False,True
30223601,5.35000000,80.34000000,40530306,40530306,1669598719132,False,True
30223602,5.35000000,18.33000000,40530307,40530307,1669598719148,False,True
30223603,5.35000000,18.29000000,40530308,40530308,1669598719166,False,True
30223604,5.34000000,3.48000000,40530309,40530309,1669598720473,True,True
30223605,5.34000000,3.49000000,40530310,40530312,1669598720482,True,True
30223606,5.35000000,277.47000000,40530313,40530313,1669598720938,False,True
30223607,5.34000000,17.77000000,40530314,40530316,1669598721470,True,True
30223608,5.35000000,2.05000000,40530317,40530317,1669598722103,False,True
30223609,5.35000000,42.78000000,40530318,40530319,1669598722329,False,True
30223610,5.36000000,1.95000000,40530320,40530320,1669598723130,False,True
30223611,5.36000000,2.67000000,40530321,40530321,1669598723565,False,True
30223612,5.36000000,2.79000000,40530322,40530322,1669598724106,False,True
30223613,5.36000000,2.13000000,40530323,40530323,1669598724841,False,True
30223614,5.35000000,13.64000000,40530324,40530327,1669598725400,True,True
30223615,5.35000000,75.48000000,40530328,40530330,1669598725844,True,True
30223616,5.34000000,259.22000000,40530331,40530332,1669598725844,True,True
30223617,5.34000000,20.34000000,40530333,40530335,1669598726466,True,True
30223618,5.34000000,27.87000000,40530336,40530336,1669598726830,True,True
30223619,5.33000000,32.98000000,40530337,40530338,1669598732616,True,True
30223620,5.32000000,32.46000000,40530339,40530342,1669598732616,True,True
30223621,5.31000000,285.17000000,40530343,40530346,1669598732616,True,True
30223622,5.30000000,632.77000000,40530347,40530361,1669598732616,True,True
30223623,5.29000000,15.24000000,40530362,40530363,1669598732616,True,True
30223624,5.28000000,63.33000000,40530364,40530367,1669598732616,True,True
30223625,5.27000000,175.33000000,40530368,40530376,1669598732616,True,True
30223626,5.26000000,1027.46000000,40530377,40530383,1669598732616,True,True
30223627,5.25000000,317.74000000,40530384,40530394,1669598732616,True,True
30223628,5.24000000,768.55000000,40530395,40530399,1669598732616,True,True
30223629,5.23000000,79.87000000,40530400,40530405,1669598732616,True,True
30223630,5.22000000,54.27000000,40530406,40530407,1669598732616,True,True
30223631,5.21000000,126.42000000,40530408,40530412,1669598732616,True,True
30223632,5.20000000,2218.82000000,40530413,40530438,1669598732616,True,True
30223633,5.20000000,2.00000000,40530439,40530439,1669598732616,False,True
30223634,5.19000000,17.74000000,40530440,40530440,1669598732616,True,True
30223635,5.19000000,78.46000000,40530441,40530443,1669598732616,True,True
30223636,5.20000000,52.69000000,40530444,40530445,1669598732626,False,True
30223637,5.23000000,521.96000000,40530446,40530446,1669598732626,False,True
30223638,5.23000000,52.29000000,40530447,40530447,1669598732630,False,True
30223639,5.19000000,89.57000000,40530448,40530449,1669598732635,True,True
30223640,5.18000000,221.94000000,40530450,40530457,1669598732635,True,True
30223641,5.17000000,482.28000000,40530458,40530465,1669598732635,True,True
30223642,5.20000000,18.79000000,40530466,40530466,1669598732638,True,True
30223643,5.20000000,223.78000000,40530467,40530467,1669598732639,True,True
30223644,5.23000000,36.52000000,40530468,40530468,1669598732640,False,True
30223645,5.28000000,14.94000000,40530469,40530469,1669598732649,False,True
30223646,5.29000000,42.27000000,40530470,40530470,1669598732649,False,True
30223647,5.30000000,2.12000000,40530471,40530471,1669598732649,False,True
30223648,5.31000000,67.23000000,40530472,40530472,1669598732649,False,True
30223649,5.26000000,26.02000000,40530473,40530473,1669598732911,False,True
30223650,5.26000000,5.45000000,40530474,40530474,1669598733144,False,True
30223651,5.24000000,5.44000000,40530475,40530475,1669598733303,True,True
30223652,5.24000000,5.96000000,40530476,40530476,1669598733397,True,True
30223653,5.26000000,3.04000000,40530477,40530477,1669598733431,False,True
30223654,5.24000000,60.60000000,40530478,40530479,1669598733611,True,True
30223655,5.23000000,18.20000000,40530480,40530480,1669598733611,True,True
30223656,5.25000000,5.45000000,40530481,40530481,1669598733750,False,True
30223657,5.25000000,10.05000000,40530482,40530482,1669598733760,False,True
30223658,5.25000000,10.00000000,40530483,40530484,1669598733794,False,True
30223659,5.25000000,31.59000000,40530485,40530485,1669598733848,False,True
30223660,5.25000000,26.29000000,40530486,40530486,1669598733881,True,True
30223661,5.23000000,5.29000000,40530487,40530487,1669598733889,True,True
30223662,5.23000000,53.77000000,40530488,40530489,1669598734222,True,True
30223663,5.22000000,23.68000000,40530490,40530491,1669598734222,True,True
30223664,5.26000000,62.28000000,40530492,40530493,1669598734257,False,True
30223665,5.25000000,26.29000000,40530494,40530494,1669598734305,False,True
30223666,5.25000000,26.29000000,40530495,40530496,1669598734320,False,True
30223667,5.24000000,3.80000000,40530497,40530497,1669598734362,False,True
30223668,5.24000000,26.29000000,40530498,40530498,1669598734381,False,True
30223669,5.23000000,4.98000000,40530499,40530499,1669598734394,True,True
30223670,5.22000000,23.41000000,40530500,40530502,1669598734394,True,True
30223671,5.24000000,8.00000000,40530503,40530503,1669598734400,False,True
30223672,5.25000000,3.80000000,40530504,40530504,1669598734404,False,True
30223673,5.25000000,23.98000000,40530505,40530505,1669598734418,False,True
30223674,5.25000000,26.29000000,40530506,40530506,1669598734461,False,True
30223675,5.25000000,3.80000000,40530507,40530507,1669598734471,False,True
30223676,5.25000000,8.00000000,40530508,40530508,1669598734492,False,True
30223677,5.25000000,3.80000000,40530509,40530509,1669598734528,False,True
30223678,5.25000000,13.37000000,40530510,40530510,1669598734547,False,True
30223679,5.26000000,31.34000000,40530511,40530511,1669598734547,False,True
30223680,5.26000000,3.80000000,40530512,40530512,1669598734644,False,True
30223681,5.26000000,3.80000000,40530513,40530513,1669598734667,False,True
30223682,5.26000000,61.62000000,40530514,40530515,1669598734710,False,True
30223683,5.24000000,69.42000000,40530516,40530517,1669598734722,True,True
30223684,5.24000000,7.44000000,40530518,40530518,1669598734740,False,True
30223685,5.24000000,1.03000000,40530519,40530519,1669598735105,False,True
30223686,5.25000000,56.22000000,40530520,40530521,1669598735105,False,True
30223687,5.25000000,2.39000000,40530522,40530522,1669598735327,False,True
30223688,5.25000000,2.66000000,40530523,40530523,1669598735397,False,True
30223689,5.25000000,3.80000000,40530524,40530524,1669598735426,False,True
30223690,5.24000000,59.24000000,40530525,40530526,1669598735603,True,True
30223691,5.25000000,11.11000000,40530527,40530527,1669598735613,False,True
30223692,5.25000000,30.31000000,40530528,40530528,1669598735643,True,True
30223693,5.26000000,11.55000000,40530529,40530530,1669598735909,False,True
30223694,5.26000000,3.80000000,40530531,40530531,1669598736122,False,True
30223695,5.26000000,3.80000000,40530532,40530532,1669598736126,False,True
30223696,5.26000000,1.99000000,40530533,40530533,1669598736130,False,True
30223697,5.26000000,2.85000000,40530534,40530534,1669598736132,False,True
30223698,5.26000000,5.70000000,40530535,40530535,1669598736133,False,True
30223699,5.27000000,11.38000000,40530536,40530536,1669598736134,False,True
30223700,5.27000000,2.84000000,40530537,40530537,1669598736137,False,True
30223701,5.27000000,1.99000000,40530538,40530538,1669598736142,False,True
30223702,5.27000000,2.27000000,40530539,40530540,1669598736142,False,True
30223703,5.27000000,5.69000000,40530541,40530541,1669598736146,False,True
30223704,5.27000000,1.99000000,40530542,40530542,1669598736148,False,True
30223705,5.27000000,1.99000000,40530543,40530543,1669598736148,False,True
30223706,5.27000000,1.99000000,40530544,40530544,1669598736149,False,True
30223707,5.27000000,2.84000000,40530545,40530545,1669598736151,False,True
30223708,5.27000000,5.69000000,40530546,40530546,1669598736155,False,True
30223709,5.27000000,2.84000000,40530547,40530547,1669598736156,False,True
30223710,5.27000000,4.55000000,40530548,40530548,1669598736164,False,True
30223711,5.27000000,3.79000000,40530549,40530550,1669598736175,False,True
30223712,5.27000000,1.99000000,40530551,40530551,1669598736177,False,True
30223713,5.26000000,19.00000000,40530552,40530552,1669598736250,True,True
30223714,5.26000000,9.50000000,40530553,40530553,1669598736255,True,True
30223715,5.26000000,28.59000000,40530554,40530554,1669598736257,True,True
30223716,5.25000000,4.97000000,40530555,40530556,1669598736270,True,True
30223717,5.26000000,3.80000000,40530557,40530557,1669598736363,False,True
30223718,5.26000000,7.39000000,40530558,40530559,1669598736633,False,True
30223719,5.26000000,7.28000000,40530560,40530560,1669598736633,False,True
30223720,5.26000000,1.93000000,40530561,40530561,1669598736671,False,True
30223721,5.26000000,24.36000000,40530562,40530562,1669598736816,False,True
30223722,5.26000000,3.49000000,40530563,40530564,1669598738720,False,True
30223723,5.25000000,8.48000000,40530565,40530565,1669598739646,True,True
30223724,5.26000000,3.43000000,40530566,40530566,1669598742481,False,True
30223725,5.26000000,0.97000000,40530567,40530567,1669598743118,False,True
30223726,5.27000000,2.46000000,40530568,40530568,1669598743118,False,True
30223727,5.26000000,53.37000000,40530569,40530570,1669598743309,True,True
30223728,5.27000000,121.53000000,40530571,40530574,1669598745798,False,True
30223729,5.27000000,33.00000000,40530575,40530575,1669598748194,True,True
30223730,5.28000000,3.00000000,40530576,40530576,1669598748988,False,True
30223731,5.28000000,2.21000000,40530577,40530577,1669598749875,False,True
30223732,5.28000000,3.01000000,40530578,40530578,1669598750561,False,True
30223733,5.28000000,36.36000000,40530579,40530579,1669598750620,False,True
30223734,5.28000000,2.85000000,40530580,40530580,1669598751211,False,True
30223735,5.28000000,2.43000000,40530581,40530581,1669598751848,False,True
30223736,5.28000000,3.09000000,40530582,40530582,1669598752500,False,True
30223737,5.28000000,354.50000000,40530583,40530608,1669598752566,False,True
30223738,5.29000000,33.00000000,40530609,40530610,1669598752603,False,True
30223739,5.29000000,3.22000000,40530611,40530611,1669598753144,False,True
30223740,5.29000000,3.10000000,40530612,40530612,1669598753794,False,True
30223741,5.29000000,2.42000000,40530613,40530614,1669598754475,False,True
30223742,5.27000000,9.21000000,40530615,40530616,1669598754535,True,True
30223743,5.28000000,95.74000000,40530617,40530618,1669598754560,True,True
30223744,5.28000000,13.27000000,40530619,40530619,1669598754561,True,True
30223745,5.27000000,76.61000000,40530620,40530620,1669598754561,True,True
30223746,5.29000000,2.61000000,40530621,40530621,1669598755129,False,True
30223747,5.29000000,3.45000000,40530622,40530622,1669598757062,False,True
30223748,5.30000000,2.89000000,40530623,40530623,1669598757126,False,True
30223749,5.30000000,3.43000000,40530624,40530624,1669598757777,False,True
30223750,5.29000000,9.57000000,40530625,40530625,1669598761755,True,True
30223751,5.29000000,21.14000000,40530626,40530626,1669598761844,True,True
30223752,5.29000000,9.57000000,40530627,40530627,1669598761870,True,True
30223753,5.29000000,232.49000000,40530628,40530629,1669598761901,True,True
30223754,5.28000000,30.71000000,40530630,40530630,1669598761901,True,True
30223755,5.28000000,7.13000000,40530631,40530631,1669598761915,True,True
30223756,5.29000000,145.11000000,40530632,40530634,1669598763717,False,True
30223757,5.29000000,111.37000000,40530635,40530635,1669598763729,True,True
30223758,5.29000000,9.56000000,40530636,40530636,1669598763731,True,True
30223759,5.30000000,7.13000000,40530637,40530638,1669598763745,False,True
30223760,5.29000000,207.18000000,40530639,40530641,1669598773721,True,True
30223761,5.30000000,73.34000000,40530642,40530643,1669598777812,False,True
30223762,5.30000000,1.94000000,40530644,40530644,1669598781097,True,True
30223763,5.31000000,78.25000000,40530645,40530645,1669598783191,False,True
30223764,5.31000000,77.08000000,40530646,40530648,1669598786486,False,True
30223765,5.32000000,12.83000000,40530649,40530649,1669598786486,False,True
30223766,5.32000000,2.38000000,40530650,40530650,1669598788087,True,True
30223767,5.33000000,7.77000000,40530651,40530651,1669598791090,False,True
30223768,5.32000000,62.40000000,40530652,40530653,1669598794651,True,True
30223769,5.33000000,0.55000000,40530654,40530654,1669598795177,False,True
30223770,5.34000000,37.91000000,40530655,40530657,1669598795177,False,True
30223771,5.33000000,2.77000000,40530658,40530658,1669598813144,True,True
30223772,5.33000000,2.44000000,40530659,40530659,1669598813220,True,True
30223773,5.33000000,2.44000000,40530660,40530660,1669598813577,True,True
30223774,5.33000000,2.44000000,40530661,40530661,1669598813665,True,True
30223775,5.33000000,2.44000000,40530662,40530662,1669598813718,True,True
30223776,5.33000000,133.83000000,40530663,40530665,1669598814057,True,True
30223777,5.32000000,68.82000000,40530666,40530669,1669598814057,True,True
30223778,5.31000000,144.75000000,40530670,40530672,1669598814057,True,True
30223779,5.30000000,121.35000000,40530673,40530674,1669598814057,True,True
30223780,5.31000000,9.91000000,40530675,40530675,1669598815995,True,True
30223781,5.31000000,7.81000000,40530676,40530677,1669598819935,True,True
30223782,5.33000000,21.01000000,40530678,40530678,1669598825401,False,True
30223783,5.31000000,29.45000000,40530679,40530679,1669598832141,True,True
30223784,5.30000000,20.60000000,40530680,40530680,1669598832141,True,True
30223785,5.32000000,6.91000000,40530681,40530681,1669598833864,False,True
30223786,5.30000000,9.43000000,40530682,40530682,1669598834355,True,True
30223787,5.30000000,5.85000000,40530683,40530683,1669598836636,True,True
30223788,5.33000000,236.31000000,40530684,40530688,1669598837608,False,True
30223789,5.34000000,129.88000000,40530689,40530692,1669598837608,False,True
30223790,5.35000000,7.16000000,40530693,40530693,1669598837608,False,True
30223791,5.32000000,2.91000000,40530694,40530694,1669598837634,True,True
30223792,5.32000000,2.91000000,40530695,40530695,1669598837759,True,True
30223793,5.32000000,2.05000000,40530696,40530696,1669598837888,True,True
30223794,5.32000000,1.94000000,40530697,40530697,1669598838586,True,True
30223795,5.32000000,1.94000000,40530698,40530698,1669598838656,True,True
30223796,5.32000000,1.94000000,40530699,40530699,1669598839054,True,True
30223797,5.32000000,3.78000000,40530700,40530700,1669598839297,True,True
30223798,5.32000000,2.26000000,40530701,40530701,1669598839310,True,True
30223799,5.32000000,5.68000000,40530702,40530702,1669598839524,True,True
30223800,5.32000000,8.73000000,40530703,40530703,1669598839554,True,True
30223801,5.32000000,7.78000000,40530704,40530704,1669598848811,True,True
30223802,5.32000000,6.90000000,40530705,40530705,1669598865378,True,True
30223803,5.35000000,8.22000000,40530706,40530707,1669598877914,False,True
30223804,5.32000000,3.44000000,40530708,40530708,1669598887801,True,True
30223805,5.33000000,54.29000000,40530709,40530709,1669598890478,True,True
30223806,5.32000000,56.98000000,40530710,40530711,1669598895765,True,True
30223807,5.31000000,18.83000000,40530712,40530712,1669598895779,True,True
30223808,5.32000000,5.17000000,40530713,40530713,1669598903279,True,True
30223809,5.32000000,21.27000000,40530714,40530714,1669598903286,True,True
30223810,5.32000000,23.96000000,40530715,40530716,1669598903290,True,True
30223811,5.29000000,14.51000000,40530717,40530717,1669598903337,True,True
30223812,5.31000000,18.83000000,40530718,40530718,1669598913547,False,True
30223813,5.29000000,163.10000000,40530719,40530719,1669598914861,True,True
30223814,5.31000000,98.51000000,40530720,40530722,1669598920872,False,True
30223815,5.32000000,37.83000000,40530723,40530723,1669598920879,True,True
30223816,5.32000000,5.18000000,40530724,40530724,1669598920887,True,True
30223817,5.33000000,37.55000000,40530725,40530725,1669598920982,False,True
30223818,5.34000000,40.70000000,40530726,40530727,1669598921182,False,True
30223819,5.33000000,79.97000000,40530728,40530729,1669598921206,True,True
30223820,5.33000000,97.92000000,40530730,40530731,1669598921360,True,True
30223821,5.33000000,19.27000000,40530732,40530733,1669598922777,True,True
30223822,5.33000000,37.45000000,40530734,40530734,1669598926888,False,True
30223823,5.34000000,108.81000000,40530735,40530736,1669598926888,False,True
30223824,5.35000000,19.27000000,40530737,40530737,1669598926980,False,True
30223825,5.35000000,25.00000000,40530738,40530739,1669598927449,False,True
30223826,5.34000000,56.29000000,40530740,40530741,1669598928688,True,True
30223827,5.34000000,74.86000000,40530742,40530743,1669598935476,False,True
30223828,5.35000000,42.27000000,40530744,40530744,1669598935476,False,True
30223829,5.36000000,2.31000000,40530745,40530745,1669598936316,False,True
30223830,5.35000000,3.04000000,40530746,40530746,1669598936742,True,True
30223831,5.35000000,79.75000000,40530747,40530748,1669598937285,True,True
30223832,5.36000000,181.92000000,40530749,40530752,1669598942281,False,True
30223833,5.36000000,2.19000000,40530753,40530753,1669598942380,True,True
30223834,5.36000000,9.39000000,40530754,40530754,1669598942537,True,True
30223835,5.37000000,229.06000000,40530755,40530757,1669598949464,False,True
30223836,5.37000000,13.65000000,40530758,40530758,1669598949585,True,True
30223837,5.37000000,76.81000000,40530759,40530759,1669598949597,True,True
30223838,5.38000000,16.24000000,40530760,40530761,1669598949789,False,True
30223839,5.37000000,3.21000000,40530762,40530762,1669598958017,True,True
30223840,5.37000000,2.99000000,40530763,40530763,1669598958651,True,True
30223841,5.38000000,3.09000000,40530764,40530764,1669598959941,True,True
30223842,5.37000000,2.88000000,40530765,40530765,1669598963919,True,True
30223843,5.40000000,13.16000000,40530766,40530767,1669598979223,False,True
30223844,5.39000000,3.80000000,40530768,40530768,1669598985144,True,True
30223845,5.39000000,1.98000000,40530769,40530769,1669598985483,True,True
30223846,5.41000000,16.19000000,40530770,40530771,1669598992568,False,True
30223847,5.39000000,2.66000000,40530772,40530772,1669598998867,True,True
30223848,5.39000000,64.08000000,40530773,40530774,1669598999290,True,True
30223849,5.39000000,2.12000000,40530775,40530775,1669599000147,True,True
30223850,5.41000000,29.20000000,40530776,40530777,1669599008576,False,True
30223851,5.39000000,2.84000000,40530778,40530778,1669599058526,True,True
30223852,5.39000000,2.42000000,40530779,40530779,1669599059191,True,True
30223853,5.39000000,3.08000000,40530780,40530780,1669599059829,True,True
30223854,5.39000000,3.00000000,40530781,40530781,1669599060483,True,True
30223855,5.39000000,2.37000000,40530782,40530782,1669599071508,True,True
30223856,5.39000000,53.91000000,40530783,40530784,1669599074758,True,True
30223857,5.38000000,78.79000000,40530785,40530787,1669599074758,True,True
30223858,5.37000000,65.23000000,40530788,40530789,1669599074758,True,True
30223859,5.36000000,137.92000000,40530790,40530793,1669599074758,True,True
30223860,5.36000000,74.93000000,40530794,40530794,1669599074769,False,True
30223861,5.33000000,18.58000000,40530795,40530795,1669599074771,True,True
30223862,5.32000000,7.40000000,40530796,40530796,1669599075736,True,True
30223863,5.33000000,38.16000000,40530797,40530798,1669599080144,True,True
30223864,5.33000000,3.79000000,40530799,40530799,1669599080596,True,True
30223865,5.33000000,2.84000000,40530800,40530800,1669599080613,True,True
30223866,5.33000000,1.98000000,40530801,40530801,1669599080618,True,True
30223867,5.33000000,13.75000000,40530802,40530802,1669599086047,True,True
30223868,5.32000000,116.37000000,40530803,40530807,1669599086047,True,True
30223869,5.31000000,30.43000000,40530808,40530809,1669599086047,True,True
30223870,5.28000000,19.03000000,40530810,40530811,1669599086047,True,True
30223871,5.28000000,13.12000000,40530812,40530812,1669599086056,False,True
30223872,5.28000000,44.87000000,40530813,40530813,1669599086061,False,True
30223873,5.28000000,6.98000000,40530814,40530814,1669599086067,False,True
30223874,5.27000000,8.32000000,40530815,40530815,1669599086138,True,True
30223875,5.27000000,2.47000000,40530816,40530816,1669599086245,False,True
30223876,5.27000000,12.14000000,40530817,40530817,1669599086271,False,True
30223877,5.27000000,20.52000000,40530818,40530818,1669599086299,False,True
30223878,5.27000000,2.47000000,40530819,40530819,1669599086387,False,True
30223879,5.27000000,51.79000000,40530820,40530822,1669599086414,False,True
30223880,5.27000000,2.47000000,40530823,40530823,1669599086551,False,True
30223881,5.27000000,5.23000000,40530824,40530824,1669599086784,False,True
30223882,5.27000000,3.03000000,40530825,40530825,1669599086884,False,True
30223883,5.27000000,25.34000000,40530826,40530826,1669599088758,False,True
30223884,5.27000000,2.64000000,40530827,40530827,1669599091572,False,True
30223885,5.27000000,1.24000000,40530828,40530828,1669599096287,False,True
30223886,5.28000000,0.87000000,40530829,40530829,1669599096287,False,True
30223887,5.26000000,298.42000000,40530830,40530835,1669599097138,True,True
30223888,5.25000000,231.06000000,40530836,40530838,1669599106505,True,True
30223889,5.25000000,27.79000000,40530839,40530839,1669599112566,True,True
30223890,5.26000000,3.80000000,40530840,40530840,1669599113642,False,True
30223891,5.26000000,3.42000000,40530841,40530841,1669599115692,False,True
30223892,5.26000000,14.40000000,40530842,40530843,1669599121012,False,True
30223893,5.25000000,22.53000000,40530844,40530844,1669599136092,True,True
30223894,5.24000000,58.86000000,40530845,40530848,1669599136092,True,True
30223895,5.23000000,192.11000000,40530849,40530850,1669599136092,True,True
30223896,5.22000000,276.74000000,40530851,40530852,1669599136092,True,True
30223897,5.22000000,8.32000000,40530853,40530853,1669599136108,False,True
30223898,5.22000000,35.83000000,40530854,40530854,1669599136113,False,True
30223899,5.22000000,26.44000000,40530855,40530855,1669599136135,False,True
30223900,5.22000000,78.25000000,40530856,40530857,1669599136156,False,True
30223901,5.22000000,36.14000000,40530858,40530859,1669599136166,False,True
30223902,5.22000000,36.84000000,40530860,40530860,1669599136512,True,True
30223903,5.21000000,84.56000000,40530861,40530863,1669599136512,True,True
30223904,5.20000000,30.86000000,40530864,40530864,1669599136512,True,True
30223905,5.19000000,44.54000000,40530865,40530865,1669599136512,True,True
30223906,5.21000000,7.61000000,40530866,40530866,1669599137016,True,True
30223907,5.24000000,2.35000000,40530867,40530867,1669599154507,False,True
30223908,5.24000000,7.45000000,40530868,40530868,1669599157619,False,True
30223909,5.24000000,2.29000000,40530869,40530869,1669599158694,False,True
30223910,5.24000000,5.72000000,40530870,40530870,1669599158696,False,True
30223911,5.24000000,2.00000000,40530871,40530871,1669599158701,False,True
30223912,5.24000000,2.00000000,40530872,40530872,1669599158705,False,True
30223913,5.24000000,3.81000000,40530873,40530873,1669599158716,False,True
30223914,5.24000000,12.77000000,40530874,40530875,1669599158716,False,True
30223915,5.24000000,2.00000000,40530876,40530876,1669599158720,False,True
30223916,5.24000000,2.86000000,40530877,40530877,1669599158723,False,True
30223917,5.24000000,12.90000000,40530878,40530879,1669599161059,False,True
30223918,5.23000000,39.84000000,40530880,40530882,1669599163076,True,True
30223919,5.24000000,13.40000000,40530883,40530883,1669599165074,True,True
30223920,5.26000000,2.79000000,40530884,40530884,1669599167706,False,True
30223921,5.26000000,3.01000000,40530885,40530885,1669599168372,False,True
30223922,5.26000000,2.92000000,40530886,40530886,1669599169052,False,True
30223923,5.26000000,23.44000000,40530887,40530887,1669599172934,False,True
30223924,5.23000000,6.41000000,40530888,40530888,1669599176361,True,True
30223925,5.25000000,19.04000000,40530889,40530890,1669599177229,False,True
30223926,5.25000000,26.06000000,40530891,40530891,1669599181768,True,True
30223927,5.24000000,12.45000000,40530892,40530892,1669599181866,True,True
30223928,5.24000000,9.52000000,40530893,40530893,1669599183989,False,True
30223929,5.25000000,89.88000000,40530894,40530896,1669599183989,False,True
30223930,5.26000000,197.54000000,40530897,40530900,1669599183989,False,True
30223931,5.26000000,26.28000000,40530901,40530901,1669599184011,True,True
30223932,5.26000000,10.65000000,40530902,40530902,1669599193105,True,True
30223933,5.25000000,14.32000000,40530903,40530903,1669599193114,True,True
30223934,5.25000000,38.05000000,40530904,40530904,1669599193118,True,True
30223935,5.25000000,7.40000000,40530905,40530905,1669599195431,False,True
30223936,5.25000000,4.15000000,40530906,40530907,1669599198482,False,True
30223937,5.26000000,42.27000000,40530908,40530908,1669599198482,False,True
30223938,5.27000000,579.06000000,40530909,40530911,1669599198482,False,True
30223939,5.26000000,17.30000000,40530912,40530913,1669599208566,True,True
30223940,5.26000000,16.36000000,40530914,40530915,1669599223883,True,True
30223941,5.26000000,16.36000000,40530916,40530917,1669599237996,True,True
30223942,5.25000000,5.90000000,40530918,40530918,1669599253973,True,True
30223943,5.27000000,173.22000000,40530919,40530922,1669599256767,False,True
30223944,5.27000000,78.25000000,40530923,40530923,1669599256779,True,True
30223945,5.27000000,6.14000000,40530924,40530924,1669599256788,True,True
30223946,5.27000000,7.44000000,40530925,40530925,1669599256802,True,True
30223947,5.27000000,20.26000000,40530926,40530926,1669599257151,True,True
30223948,5.27000000,38.29000000,40530927,40530929,1669599260716,False,True
30223949,5.28000000,7.10000000,40530930,40530930,1669599265388,False,True
30223950,5.28000000,622.71000000,40530931,40530931,1669599266980,False,True
30223951,5.28000000,37.65000000,40530932,40530932,1669599275228,False,True
30223952,5.27000000,4.58000000,40530933,40530933,1669599288743,True,True
30223953,5.27000000,3.98000000,40530934,40530934,1669599297573,True,True
30223954,5.27000000,3.76000000,40530935,40530935,1669599328568,True,True
30223955,5.27000000,195.46000000,40530936,40530937,1669599332840,False,True
30223956,5.28000000,1048.54000000,40530938,40530943,1669599332840,False,True
30223957,5.29000000,18.98000000,40530944,40530945,1669599332848,False,True
30223958,5.30000000,5.15000000,40530946,40530946,1669599332857,False,True
30223959,5.30000000,9.49000000,40530947,40530947,1669599332859,False,True
30223960,5.31000000,4.13000000,40530948,40530948,1669599332868,False,True
30223961,5.30000000,7.44000000,40530949,40530949,1669599332876,True,True
30223962,5.30000000,2.49000000,40530950,40530951,1669599333010,True,True
30223963,5.31000000,2.31000000,40530952,40530952,1669599333047,True,True
30223964,5.31000000,2.41000000,40530953,40530953,1669599333082,True,True
30223965,5.32000000,12.83000000,40530954,40530954,1669599333835,False,True
30223966,5.31000000,123.03000000,40530955,40530957,1669599336537,True,True
30223967,5.30000000,106.21000000,40530958,40530960,1669599336537,True,True
30223968,5.29000000,71.36000000,40530961,40530961,1669599336537,True,True
30223969,5.29000000,78.25000000,40530962,40530962,1669599336552,False,True
30223970,5.28000000,2.63000000,40530963,40530963,1669599336831,True,True
30223971,5.29000000,453.66000000,40530964,40530965,1669599340040,False,True
30223972,5.30000000,9.40000000,40530966,40530966,1669599340048,False,True
30223973,5.33000000,10.20000000,40530967,40530968,1669599340071,False,True
30223974,5.32000000,2.63000000,40530969,40530969,1669599340229,True,True
30223975,5.32000000,5.71000000,40530970,40530970,1669599340855,True,True
30223976,5.32000000,2.28000000,40530971,40530971,1669599340881,True,True
30223977,5.32000000,3.41000000,40530972,40530972,1669599342070,True,True
30223978,5.32000000,37.52000000,40530973,40530974,1669599342628,True,True
30223979,5.30000000,4.54000000,40530975,40530975,1669599344841,True,True
30223980,5.29000000,9.46000000,40530976,40530976,1669599344841,True,True
30223981,5.28000000,9.38000000,40530977,40530977,1669599344841,True,True
30223982,5.27000000,6.00000000,40530978,40530978,1669599344841,True,True
30223983,5.29000000,18.72000000,40530979,40530980,1669599346058,True,True
30223984,5.28000000,9.38000000,40530981,40530981,1669599346058,True,True
30223985,5.27000000,8.32000000,40530982,40530982,1669599346058,True,True
30223986,5.27000000,37.57000000,40530983,40530983,1669599346066,False,True
30223987,5.25000000,18.53000000,40530984,40530984,1669599346076,True,True
30223988,5.27000000,7.86000000,40530985,40530985,1669599350451,True,True
30223989,5.30000000,89.44000000,40530986,40530988,1669599351129,False,True
30223990,5.29000000,9.45000000,40530989,40530989,1669599352971,True,True
30223991,5.28000000,179.94000000,40530990,40530990,1669599352971,True,True
30223992,5.32000000,2.25000000,40530991,40530991,1669599353895,False,True
30223993,5.32000000,4.74000000,40530992,40530992,1669599355725,False,True
30223994,5.30000000,3.60000000,40530993,40530994,1669599360033,True,True
30223995,5.30000000,41.67000000,40530995,40530995,1669599360033,True,True
30223996,5.29000000,18.86000000,40530996,40530997,1669599366276,False,True
30223997,5.30000000,145.35000000,40530998,40530999,1669599366276,False,True
30223998,5.31000000,231.62000000,40531000,40531002,1669599366276,False,True
30223999,5.31000000,10.52000000,40531003,40531003,1669599366283,True,True
30224000,5.31000000,25.49000000,40531004,40531004,1669599366284,True,True
30224001,5.31000000,7.87000000,40531005,40531005,1669599366287,True,True
30224002,5.31000000,70.39000000,40531006,40531006,1669599366288,True,True
30224003,5.31000000,9.46000000,40531007,40531007,1669599368089,True,True
30224004,5.30000000,42.27000000,40531008,40531008,1669599368239,True,True
30224005,5.30000000,51.69000000,40531009,40531010,1669599376176,False,True
30224006,5.32000000,123.91000000,40531011,40531013,1669599376193,False,True
30224007,5.32000000,65.42000000,40531014,40531014,1669599377044,False,True
30224008,5.32000000,12.38000000,40531015,40531015,1669599377052,False,True
30224009,5.30000000,3.60000000,40531016,40531017,1669599378109,True,True
30224010,5.30000000,2.86000000,40531018,40531018,1669599383528,True,True
30224011,5.32000000,3.60000000,40531019,40531019,1669599394521,False,True
30224012,5.31000000,4.28000000,40531020,40531020,1669599394552,True,True
30224013,5.31000000,5.23000000,40531021,40531021,1669599395073,True,True
30224014,5.31000000,18.80000000,40531022,40531023,1669599397545,True,True
30224015,5.30000000,7.40000000,40531024,40531024,1669599397545,True,True
30224016,5.30000000,45.40000000,40531025,40531027,1669599397576,True,True
30224017,5.30000000,2.34000000,40531028,40531028,1669599400977,True,True
30224018,5.31000000,31.91000000,40531029,40531030,1669599409176,False,True
30224019,5.32000000,71.60000000,40531031,40531031,1669599409188,False,True
30224020,5.31000000,9.42000000,40531032,40531032,1669599411002,True,True
30224021,5.31000000,9.06000000,40531033,40531033,1669599411012,True,True
30224022,5.31000000,18.48000000,40531034,40531035,1669599412831,False,True
30224023,5.31000000,36.24000000,40531036,40531036,1669599412837,True,True
30224024,5.28000000,2.10000000,40531037,40531037,1669599414582,True,True
30224025,5.30000000,9.44000000,40531038,40531038,1669599419307,False,True
30224026,5.31000000,9.27000000,40531039,40531039,1669599419317,False,True
30224027,5.31000000,36.41000000,40531040,40531041,1669599419323,False,True
30224028,5.32000000,9.04000000,40531042,40531042,1669599419331,False,True
30224029,5.32000000,161.00000000,40531043,40531045,1669599434215,False,True
30224030,5.33000000,34.61000000,40531046,40531056,1669599434215,False,True
30224031,5.33000000,60.64000000,40531057,40531057,1669599434223,True,True
30224032,5.33000000,10.02000000,40531058,40531058,1669599434227,True,True
30224033,5.33000000,9.80000000,40531059,40531059,1669599434230,True,True
30224034,5.33000000,9.43000000,40531060,40531060,1669599436088,True,True
30224035,5.33000000,118.54000000,40531061,40531062,1669599436089,True,True
30224036,5.33000000,110.98000000,40531063,40531065,1669599448669,False,True
30224037,5.34000000,49.29000000,40531066,40531068,1669599448669,False,True
30224038,5.35000000,66.00000000,40531069,40531071,1669599448679,False,True
30224039,5.34000000,27.34000000,40531072,40531072,1669599448684,True,True
30224040,5.35000000,14.18000000,40531073,40531074,1669599448685,False,True
30224041,5.36000000,9.29000000,40531075,40531075,1669599449039,True,True
30224042,5.36000000,51.56000000,40531076,40531077,1669599449340,True,True
30224043,5.36000000,9.35000000,40531078,40531078,1669599449542,True,True
30224044,5.35000000,71.36000000,40531079,40531079,1669599450770,True,True
30224045,5.35000000,9.32000000,40531080,40531080,1669599454840,False,True
30224046,5.36000000,117.92000000,40531081,40531083,1669599454840,False,True
30224047,5.37000000,3.82000000,40531084,40531084,1669599454866,False,True
30224048,5.38000000,25.56000000,40531085,40531087,1669599454875,False,True
30224049,5.37000000,3.02000000,40531088,40531088,1669599455864,True,True
30224050,5.37000000,1.99000000,40531089,40531089,1669599456000,True,True
30224051,5.37000000,3.79000000,40531090,40531090,1669599456015,True,True
30224052,5.37000000,3.04000000,40531091,40531091,1669599459076,True,True
30224053,5.37000000,15.70000000,40531092,40531093,1669599459665,True,True
30224054,5.36000000,18.74000000,40531094,40531095,1669599459667,True,True
30224055,5.37000000,20.60000000,40531096,40531097,1669599464515,False,True
30224056,5.38000000,9.30000000,40531098,40531098,1669599464515,False,True
30224057,5.39000000,4.09000000,40531099,40531099,1669599464527,False,True
30224058,5.39000000,3.57000000,40531100,40531100,1669599464538,True,True
30224059,5.39000000,53.36000000,40531101,40531101,1669599464560,True,True
30224060,5.40000000,18.08000000,40531102,40531103,1669599464568,False,True
30224061,5.39000000,5.41000000,40531104,40531104,1669599464575,True,True
30224062,5.39000000,5.41000000,40531105,40531105,1669599464578,True,True
30224063,5.39000000,2.92000000,40531106,40531106,1669599464598,True,True
30224064,5.39000000,2.45000000,40531107,40531107,1669599464638,True,True
30224065,5.41000000,12.64000000,40531108,40531108,1669599464782,False,True
30224066,5.39000000,3.34000000,40531109,40531110,1669599464983,True,True
30224067,5.40000000,9.28000000,40531111,40531111,1669599465050,True,True
30224068,5.39000000,8.89000000,40531112,40531112,1669599465050,True,True
30224069,5.39000000,3.40000000,40531113,40531113,1669599465074,True,True
30224070,5.39000000,9.32000000,40531114,40531114,1669599466487,True,True
30224071,5.37000000,260.49000000,40531115,40531116,1669599472563,False,True
30224072,5.38000000,9.25000000,40531117,40531117,1669599472563,False,True
30224073,5.39000000,184.47000000,40531118,40531119,1669599472563,False,True
30224074,5.40000000,194.20000000,40531120,40531123,1669599472563,False,True
30224075,5.40000000,12.31000000,40531124,40531124,1669599472574,True,True
30224076,5.40000000,6.80000000,40531125,40531125,1669599472584,True,True
30224077,5.41000000,4.11000000,40531126,40531126,1669599472666,True,True
30224078,5.41000000,76.29000000,40531127,40531129,1669599472681,True,True
30224079,5.41000000,6.02000000,40531130,40531130,1669599472893,True,True
30224080,5.41000000,2.24000000,40531131,40531132,1669599473027,True,True
30224081,5.41000000,6.02000000,40531133,40531133,1669599473047,True,True
30224082,5.41000000,6.02000000,40531134,40531134,1669599473226,True,True
30224083,5.41000000,6.02000000,40531135,40531135,1669599473471,True,True
30224084,5.41000000,6.00000000,40531136,40531136,1669599473606,True,True
30224085,5.41000000,33.00000000,40531137,40531137,1669599474478,True,True
30224086,5.41000000,27.84000000,40531138,40531139,1669599474770,True,True
30224087,5.39000000,3.03000000,40531140,40531140,1669599475929,True,True
30224088,5.39000000,3.30000000,40531141,40531141,1669599476555,True,True
30224089,5.39000000,2.90000000,40531142,40531142,1669599476874,True,True
30224090,5.37000000,0.10000000,40531143,40531143,1669599476874,True,True
30224091,5.37000000,2.20000000,40531144,40531144,1669599477528,True,True
30224092,5.37000000,2.78000000,40531145,40531145,1669599478829,True,True
30224093,5.39000000,51.50000000,40531146,40531147,1669599480087,False,True
30224094,5.40000000,260.47000000,40531148,40531149,1669599480087,False,True
30224095,5.40000000,9.29000000,40531150,40531150,1669599482012,True,True
30224096,5.39000000,2.71000000,40531151,40531151,1669599482863,True,True
30224097,5.39000000,6.58000000,40531152,40531152,1669599486677,True,True
30224098,5.40000000,14.24000000,40531153,40531154,1669599490831,False,True
30224099,5.41000000,43.73000000,40531155,40531156,1669599490840,False,True
30224100,5.41000000,6.80000000,40531157,40531157,1669599490858,True,True
30224101,5.41000000,18.48000000,40531158,40531158,1669599491041,True,True
30224102,5.40000000,2.91000000,40531159,40531159,1669599492497,True,True
30224103,5.40000000,9.27000000,40531160,40531160,1669599492619,True,True
30224104,5.39000000,18.43000000,40531161,40531162,1669599496140,True,True
30224105,5.38000000,25.97000000,40531163,40531163,1669599496140,True,True
30224106,5.40000000,44.44000000,40531164,40531166,1669599497894,False,True
30224107,5.41000000,83.44000000,40531167,40531169,1669599497894,False,True
30224108,5.41000000,9.19000000,40531170,40531170,1669599500188,True,True
30224109,5.39000000,6.80000000,40531171,40531171,1669599502393,True,True
30224110,5.39000000,2.38000000,40531172,40531172,1669599502428,True,True
30224111,5.38000000,6.80000000,40531173,40531173,1669599502428,True,True
30224112,5.40000000,16.02000000,40531174,40531175,1669599503826,False,True
30224113,5.41000000,484.34000000,40531176,40531179,1669599503826,False,True
30224114,5.41000000,13.48000000,40531180,40531180,1669599503834,True,True
30224115,5.41000000,18.51000000,40531181,40531181,1669599505583,True,True
30224116,5.41000000,2.60000000,40531182,40531182,1669599505624,True,True
30224117,5.41000000,59.77000000,40531183,40531183,1669599506789,True,True
30224118,5.41000000,8.72000000,40531184,40531184,1669599506799,True,True
30224119,5.41000000,2.89000000,40531185,40531185,1669599508251,True,True
30224120,5.39000000,3.07000000,40531186,40531186,1669599512223,True,True
30224121,5.42000000,38.36000000,40531187,40531190,1669599542165,False,True
30224122,5.38000000,18.62000000,40531191,40531193,1669599577067,True,True
30224123,5.38000000,18.62000000,40531194,40531194,1669599577072,True,True
30224124,5.38000000,25.58000000,40531195,40531195,1669599577074,True,True
30224125,5.38000000,6.01000000,40531196,40531196,1669599577086,True,True
30224126,5.38000000,2.41000000,40531197,40531197,1669599581046,True,True
30224127,5.37000000,12.61000000,40531198,40531199,1669599692413,True,True
30224128,5.37000000,39.35000000,40531200,40531200,1669599722097,True,True
30224129,5.37000000,65.20000000,40531201,40531204,1669599729066,True,True
30224130,5.36000000,103.14000000,40531205,40531206,1669599729066,True,True
30224131,5.36000000,18.65000000,40531207,40531208,1669599729086,True,True
30224132,5.37000000,6.98000000,40531209,40531209,1669599803269,True,True
30224133,5.36000000,6.08000000,40531210,40531210,1669599803304,True,True
30224134,5.37000000,2.28000000,40531211,40531211,1669599811210,True,True
30224135,5.37000000,2.49000000,40531212,40531212,1669599828599,True,True
30224136,5.38000000,18.95000000,40531213,40531215,1669599830590,False,True
30224137,5.38000000,2.12000000,40531216,40531216,1669599839293,False,True
30224138,5.38000000,2.89000000,40531217,40531217,1669599848954,False,True
30224139,5.38000000,10.75000000,40531218,40531218,1669599850897,False,True
30224140,5.36000000,14.75000000,40531219,40531220,1669599926260,True,True
30224141,5.36000000,3.00000000,40531221,40531222,1669599959348,True,True
30224142,5.36000000,78.20000000,40531223,40531224,1669599997491,True,True
30224143,5.35000000,33.00000000,40531225,40531226,1669599997510,True,True
30224144,5.35000000,7.36000000,40531227,40531227,1669599997511,True,True
30224145,5.36000000,18.65000000,40531228,40531229,1669600020979,False,True
30224146,5.35000000,38.65000000,40531230,40531231,1669600042305,True,True
30224147,5.33000000,13.66000000,40531232,40531233,1669600083301,True,True
30224148,5.33000000,2.85000000,40531234,40531234,1669600084521,True,True
30224149,5.33000000,1.99000000,40531235,40531235,1669600084552,True,True
30224150,5.33000000,3.80000000,40531236,40531236,1669600084559,True,True
30224151,5.35000000,3.26000000,40531237,40531237,1669600086250,False,True
30224152,5.34000000,9.36000000,40531238,40531239,1669600185804,True,True
30224153,5.35000000,3.01000000,40531240,40531240,1669600195597,False,True
30224154,5.35000000,10.51000000,40531241,40531242,1669600212056,False,True
30224155,5.35000000,19.45000000,40531243,40531243,1669600225750,False,True
30224156,5.34000000,3.00000000,40531244,40531244,1669600266434,True,True
30224157,5.34000000,58.32000000,40531245,40531247,1669600276050,True,True
30224158,5.34000000,141.48000000,40531248,40531253,1669600286990,True,True
30224159,5.33000000,11.09000000,40531254,40531254,1669600287011,True,True
30224160,5.34000000,2.81000000,40531255,40531255,1669600298308,False,True
30224161,5.33000000,6.96000000,40531256,40531256,1669600307550,True,True
30224162,5.34000000,6.01000000,40531257,40531257,1669600308085,False,True
30224163,5.33000000,70.69000000,40531258,40531259,1669600314748,True,True
30224164,5.32000000,149.88000000,40531260,40531263,1669600314748,True,True
30224165,5.31000000,88.15000000,40531264,40531266,1669600314748,True,True
30224166,5.30000000,121.87000000,40531267,40531267,1669600314748,True,True
30224167,5.31000000,36.43000000,40531268,40531268,1669600314771,True,True
30224168,5.31000000,34.65000000,40531269,40531269,1669600342219,False,True
30224169,5.31000000,37.46000000,40531270,40531270,1669600343202,False,True
30224170,5.31000000,2.62000000,40531271,40531271,1669600361350,False,True
30224171,5.31000000,2.82000000,40531272,40531272,1669600361829,False,True
30224172,5.31000000,132.00000000,40531273,40531276,1669600382935,False,True
30224173,5.31000000,21.73000000,40531277,40531279,1669600382962,False,True
30224174,5.32000000,3.01000000,40531280,40531280,1669600408431,False,True
30224175,5.32000000,5.30000000,40531281,40531281,1669600436377,False,True
30224176,5.32000000,5.30000000,40531282,40531282,1669600439624,False,True
30224177,5.32000000,28.73000000,40531283,40531284,1669600439633,False,True
30224178,5.32000000,43.24000000,40531285,40531287,1669600456814,True,True
30224179,5.31000000,70.23000000,40531288,40531291,1669600456814,True,True
30224180,5.30000000,435.11000000,40531292,40531294,1669600456814,True,True
30224181,5.29000000,264.22000000,40531295,40531298,1669600456814,True,True
30224182,5.29000000,11.52000000,40531299,40531299,1669600456819,False,True
30224183,5.29000000,11.52000000,40531300,40531300,1669600456819,False,True
30224184,5.29000000,11.52000000,40531301,40531301,1669600456819,False,True
30224185,5.29000000,11.52000000,40531302,40531302,1669600456821,False,True
30224186,5.29000000,11.52000000,40531303,40531303,1669600456822,False,True
30224187,5.29000000,11.52000000,40531304,40531304,1669600456822,False,True
30224188,5.29000000,11.52000000,40531305,40531305,1669600456822,False,True
30224189,5.29000000,11.52000000,40531306,40531306,1669600456822,False,True
30224190,5.29000000,11.52000000,40531307,40531307,1669600456822,False,True
30224191,5.29000000,11.52000000,40531308,40531308,1669600456822,False,True
30224192,5.29000000,11.52000000,40531309,40531309,1669600456822,False,True
30224193,5.29000000,11.52000000,40531310,40531310,1669600456822,False,True
30224194,5.29000000,11.52000000,40531311,40531311,1669600456822,False,True
30224195,5.29000000,11.52000000,40531312,40531312,1669600456823,False,True
30224196,5.29000000,11.52000000,40531313,40531313,1669600456823,False,True
30224197,5.29000000,11.52000000,40531314,40531314,1669600456823,False,True
30224198,5.29000000,11.52000000,40531315,40531315,1669600456823,False,True
30224199,5.29000000,11.52000000,40531316,40531316,1669600456823,False,True
30224200,5.29000000,11.52000000,40531317,40531317,1669600456824,False,True
30224201,5.29000000,11.52000000,40531318,40531318,1669600456824,False,True
30224202,5.29000000,11.52000000,40531319,40531319,1669600456824,False,True
30224203,5.29000000,11.52000000,40531320,40531320,1669600456824,False,True
30224204,5.29000000,11.52000000,40531321,40531321,1669600456825,False,True
30224205,5.29000000,11.52000000,40531322,40531322,1669600456825,False,True
30224206,5.29000000,11.52000000,40531323,40531323,1669600456825,False,True
30224207,5.29000000,11.52000000,40531324,40531324,1669600456825,False,True
30224208,5.29000000,11.52000000,40531325,40531325,1669600456825,False,True
30224209,5.29000000,11.52000000,40531326,40531326,1669600456826,False,True
30224210,5.29000000,26.09000000,40531327,40531327,1669600456826,False,True
30224211,5.29000000,78.25000000,40531328,40531328,1669600456827,False,True
30224212,5.29000000,11.52000000,40531329,40531329,1669600456827,False,True
30224213,5.28000000,18.83000000,40531330,40531331,1669600456833,True,True
30224214,5.29000000,11.52000000,40531332,40531332,1669600456834,False,True
30224215,5.28000000,23.06000000,40531333,40531334,1669600456840,True,True
30224216,5.28000000,56.92000000,40531335,40531335,1669600456847,True,True
30224217,5.28000000,28.78000000,40531336,40531336,1669600456850,True,True
30224218,5.28000000,18.83000000,40531337,40531337,1669600456855,True,True
30224219,5.27000000,79.68000000,40531338,40531339,1669600456890,True,True
30224220,5.26000000,12.99000000,40531340,40531341,1669600456911,True,True
30224221,5.27000000,3.04000000,40531342,40531342,1669600458051,False,True
30224222,5.27000000,2.97000000,40531343,40531343,1669600460570,False,True
30224223,5.26000000,35.10000000,40531344,40531346,1669600473440,True,True
30224224,5.25000000,118.96000000,40531347,40531348,1669600473440,True,True
30224225,5.24000000,91.15000000,40531349,40531351,1669600473440,True,True
30224226,5.24000000,25.75000000,40531352,40531352,1669600473453,False,True
30224227,5.23000000,4.14000000,40531353,40531353,1669600473466,True,True
30224228,5.22000000,14.94000000,40531354,40531355,1669600473466,True,True
30224229,5.24000000,18.68000000,40531356,40531356,1669600473471,False,True
30224230,5.23000000,42.27000000,40531357,40531357,1669600473508,False,True
30224231,5.23000000,9.25000000,40531358,40531358,1669600473537,False,True
30224232,5.24000000,2.52000000,40531359,40531359,1669600477436,False,True
30224233,5.24000000,2.81000000,40531360,40531360,1669600478092,False,True
30224234,5.24000000,2.32000000,40531361,40531361,1669600478773,False,True
30224235,5.24000000,2.37000000,40531362,40531362,1669600479454,False,True
30224236,5.24000000,2.29000000,40531363,40531363,1669600479899,False,True
30224237,5.24000000,3.81000000,40531364,40531364,1669600479901,False,True
30224238,5.24000000,5.72000000,40531365,40531365,1669600479911,False,True
30224239,5.24000000,2.71000000,40531366,40531366,1669600480811,False,True
30224240,5.24000000,2.37000000,40531367,40531367,1669600481474,False,True
30224241,5.24000000,18.62000000,40531368,40531369,1669600484112,False,True
30224242,5.25000000,33.00000000,40531370,40531370,1669600484165,False,True
30224243,5.25000000,18.65000000,40531371,40531372,1669600484166,False,True
30224244,5.26000000,45.27000000,40531373,40531374,1669600489601,True,True
30224245,5.25000000,18.52000000,40531375,40531376,1669600489601,True,True
30224246,5.24000000,47.69000000,40531377,40531378,1669600489601,True,True
30224247,5.22000000,9.27000000,40531379,40531379,1669600489601,True,True
30224248,5.21000000,804.78000000,40531380,40531382,1669600489601,True,True
30224249,5.20000000,401.77000000,40531383,40531386,1669600489601,True,True
30224250,5.20000000,854.26000000,40531387,40531387,1669600489607,False,True
30224251,5.20000000,0.02000000,40531388,40531388,1669600489607,False,True
30224252,5.20000000,9.50000000,40531389,40531389,1669600489613,False,True
30224253,5.23000000,9.43000000,40531390,40531390,1669600489628,True,True
30224254,5.22000000,24.11000000,40531391,40531391,1669600489628,True,True
30224255,5.22000000,2.24000000,40531392,40531392,1669600489660,True,True
30224256,5.26000000,3.80000000,40531393,40531393,1669600489850,False,True
30224257,5.26000000,1.99000000,40531394,40531394,1669600489919,False,True
30224258,5.26000000,1.99000000,40531395,40531395,1669600489932,False,True
30224259,5.26000000,2.85000000,40531396,40531396,1669600489951,False,True
30224260,5.26000000,3.80000000,40531397,40531397,1669600489971,False,True
30224261,5.26000000,26.88000000,40531398,40531398,1669600491419,False,True
30224262,5.26000000,3.03000000,40531399,40531399,1669600491893,False,True
30224263,5.25000000,12.02000000,40531400,40531400,1669600492073,True,True
30224264,5.26000000,3.12000000,40531401,40531401,1669600513550,False,True
30224265,5.25000000,26.33000000,40531402,40531403,1669600543070,True,True
30224266,5.25000000,19.08000000,40531404,40531405,1669600543075,True,True
30224267,5.25000000,26.31000000,40531406,40531408,1669600543101,True,True
30224268,5.25000000,25.00000000,40531409,40531409,1669600543120,True,True
30224269,5.26000000,4.77000000,40531410,40531410,1669600552273,False,True
30224270,5.26000000,6.84000000,40531411,40531411,1669600558894,False,True
30224271,5.26000000,4.00000000,40531412,40531413,1669600587150,False,True
30224272,5.26000000,6.65000000,40531414,40531414,1669600610704,False,True
30224273,5.26000000,2.62000000,40531415,40531415,1669600647168,False,True
30224274,5.26000000,23.27000000,40531416,40531419,1669600651246,False,True
30224275,5.27000000,27.26000000,40531420,40531420,1669600651246,False,True
30224276,5.25000000,22.41000000,40531421,40531422,1669600668790,True,True
30224277,5.26000000,3.24000000,40531423,40531423,1669600718205,True,True
30224278,5.25000000,3.24000000,40531424,40531424,1669600718281,True,True
30224279,5.26000000,40.11000000,40531425,40531426,1669600734689,True,True
30224280,5.26000000,7.42000000,40531427,40531427,1669600752035,True,True
30224281,5.26000000,19.04000000,40531428,40531430,1669600757447,True,True
30224282,5.26000000,19.22000000,40531431,40531431,1669600757449,True,True
30224283,5.26000000,11.11000000,40531432,40531432,1669600757454,True,True
30224284,5.26000000,2.50000000,40531433,40531433,1669600769267,True,True
30224285,5.27000000,18.97000000,40531434,40531434,1669600769804,False,True
30224286,5.26000000,2.96000000,40531435,40531437,1669600817986,True,True
30224287,5.27000000,45.16000000,40531438,40531440,1669600819660,False,True
30224288,5.26000000,12.30000000,40531441,40531441,1669600838169,True,True
30224289,5.26000000,11.35000000,40531442,40531442,1669600838173,True,True
30224290,5.26000000,19.04000000,40531443,40531444,1669600838322,True,True
30224291,5.26000000,3.72000000,40531445,40531445,1669600850586,True,True
30224292,5.26000000,12.44000000,40531446,40531448,1669600856911,True,True
30224293,5.25000000,2.61000000,40531449,40531450,1669600872226,True,True
30224294,5.25000000,46.51000000,40531451,40531451,1669600881415,True,True
30224295,5.25000000,3.02000000,40531452,40531452,1669600888833,True,True
30224296,5.24000000,3.02000000,40531453,40531453,1669600888885,True,True
30224297,5.24000000,3.26000000,40531454,40531454,1669600897839,True,True
30224298,5.23000000,15.89000000,40531455,40531455,1669600897839,True,True
30224299,5.23000000,13.43000000,40531456,40531456,1669600936442,False,True
30224300,5.23000000,34.47000000,40531457,40531457,1669600948228,False,True
30224301,5.23000000,3.82000000,40531458,40531458,1669600955355,False,True
30224302,5.23000000,131.32000000,40531459,40531462,1669600968775,False,True
30224303,5.24000000,123.40000000,40531463,40531465,1669600968775,False,True
30224304,5.24000000,18.02000000,40531466,40531466,1669600975453,False,True
30224305,5.22000000,13.06000000,40531467,40531469,1669600978007,True,True
30224306,5.24000000,121.78000000,40531470,40531473,1669600993874,False,True
30224307,5.25000000,11.05000000,40531474,40531475,1669600993883,False,True
30224308,5.25000000,7.88000000,40531476,40531476,1669601072998,False,True
30224309,5.25000000,113.53000000,40531477,40531481,1669601088576,True,True
30224310,5.24000000,120.81000000,40531482,40531484,1669601088576,True,True
30224311,5.23000000,49.26000000,40531485,40531486,1669601088576,True,True
30224312,5.24000000,16.27000000,40531487,40531488,1669601107920,True,True
30224313,5.23000000,2.85000000,40531489,40531489,1669601107920,True,True
30224314,5.23000000,4.53000000,40531490,40531490,1669601108921,True,True
30224315,5.22000000,9.41000000,40531491,40531491,1669601108921,True,True
30224316,5.23000000,6.44000000,40531492,40531492,1669601113510,True,True
30224317,5.22000000,0.15000000,40531493,40531493,1669601113510,True,True
30224318,5.21000000,12.64000000,40531494,40531494,1669601113510,True,True
30224319,5.21000000,6.45000000,40531495,40531496,1669601113511,True,True
30224320,5.20000000,129.52000000,40531497,40531498,1669601116189,True,True
30224321,5.21000000,9.79000000,40531499,40531499,1669601116199,False,True
30224322,5.19000000,3.80000000,40531500,40531500,1669601116410,True,True
30224323,5.21000000,2.93000000,40531501,40531501,1669601117208,False,True
30224324,5.18000000,3.48000000,40531502,40531502,1669601117403,True,True
30224325,5.18000000,3.48000000,40531503,40531504,1669601117425,True,True
30224326,5.18000000,3.48000000,40531505,40531506,1669601117566,True,True
30224327,5.18000000,7.68000000,40531507,40531507,1669601118072,True,True
30224328,5.21000000,2.33000000,40531508,40531508,1669601119896,False,True
30224329,5.21000000,57.58000000,40531509,40531510,1669601120408,False,True
30224330,5.22000000,2.60000000,40531511,40531511,1669601120757,False,True
30224331,5.22000000,9.04000000,40531512,40531513,1669601134049,False,True
30224332,5.22000000,149.00000000,40531514,40531520,1669601160843,False,True
30224333,5.22000000,2.72000000,40531521,40531521,1669601161433,True,True
30224334,5.23000000,9.04000000,40531522,40531522,1669601169554,False,True
30224335,5.23000000,1.94000000,40531523,40531524,1669601180385,False,True
30224336,5.22000000,2.80000000,40531525,40531525,1669601191294,True,True
30224337,5.23000000,7.15000000,40531526,40531526,1669601193972,False,True
30224338,5.24000000,4.00000000,40531527,40531527,1669601217655,False,True
30224339,5.23000000,1.97000000,40531528,40531528,1669601241002,True,True
30224340,5.23000000,213.30000000,40531529,40531536,1669601270794,True,True
30224341,5.24000000,5.15000000,40531537,40531537,1669601276147,False,True
30224342,5.23000000,30.00000000,40531538,40531540,1669601285983,True,True
30224343,5.24000000,33.09000000,40531541,40531543,1669601288846,False,True
30224344,5.24000000,26.34000000,40531544,40531544,1669601307447,False,True
30224345,5.24000000,98.93000000,40531545,40531547,1669601307512,False,True
30224346,5.23000000,21.88000000,40531548,40531550,1669601329001,True,True
30224347,5.25000000,15.84000000,40531551,40531552,1669601333722,False,True
30224348,5.24000000,100.00000000,40531553,40531556,1669601378511,True,True
30224349,5.25000000,2.00000000,40531557,40531557,1669601385490,True,True
30224350,5.25000000,48.00000000,40531558,40531562,1669601388882,True,True
30224351,5.25000000,41.00000000,40531563,40531565,1669601400442,True,True
30224352,5.25000000,21.08000000,40531566,40531566,1669601415192,True,True
30224353,5.26000000,3.00000000,40531567,40531567,1669601464614,False,True
30224354,5.24000000,2.59000000,40531568,40531568,1669601469174,True,True
30224355,5.26000000,59.93000000,40531569,40531573,1669601479205,False,True
30224356,5.27000000,92.81000000,40531574,40531577,1669601479205,False,True
30224357,5.28000000,79.22000000,40531578,40531582,1669601479205,False,True
30224358,5.29000000,123.45000000,40531583,40531583,1669601479205,False,True
30224359,5.31000000,352.72000000,40531584,40531586,1669601479205,False,True
30224360,5.32000000,12.83000000,40531587,40531587,1669601479205,False,True
30224361,5.33000000,20.10000000,40531588,40531589,1669601479205,False,True
30224362,5.34000000,158.22000000,40531590,40531591,1669601479205,False,True
30224363,5.35000000,57.71000000,40531592,40531593,1669601479205,False,True
30224364,5.37000000,15.21000000,40531594,40531595,1669601479205,False,True
30224365,5.38000000,16.24000000,40531596,40531597,1669601479205,False,True
30224366,5.40000000,4.08000000,40531598,40531598,1669601479205,False,True
30224367,5.41000000,7.48000000,40531599,40531599,1669601479205,False,True
30224368,5.29000000,3.03000000,40531600,40531600,1669601479312,True,True
30224369,5.32000000,3.02000000,40531601,40531601,1669601480380,False,True
30224370,5.29000000,25.28000000,40531602,40531603,1669601481383,True,True
30224371,5.28000000,22.36000000,40531604,40531605,1669601481383,True,True
30224372,5.27000000,27.10000000,40531606,40531607,1669601481383,True,True
30224373,5.28000000,2.92000000,40531608,40531608,1669601481596,True,True
30224374,5.28000000,1.98000000,40531609,40531609,1669601481627,True,True
30224375,5.28000000,3.79000000,40531610,40531610,1669601481634,True,True
30224376,5.28000000,0.83000000,40531611,40531611,1669601481639,True,True
30224377,5.27000000,4.88000000,40531612,40531612,1669601481639,True,True
30224378,5.27000000,2.28000000,40531613,40531613,1669601481641,True,True
30224379,5.28000000,3.80000000,40531614,40531614,1669601481658,True,True
30224380,5.28000000,1.98000000,40531615,40531615,1669601481661,True,True
30224381,5.28000000,2.31000000,40531616,40531616,1669601482230,True,True
30224382,5.31000000,4.08000000,40531617,40531617,1669601484514,False,True
30224383,5.31000000,3.75000000,40531618,40531618,1669601486290,False,True
30224384,5.31000000,19.89000000,40531619,40531621,1669601486338,False,True
30224385,5.31000000,7.45000000,40531622,40531622,1669601486366,False,True
30224386,5.31000000,9.52000000,40531623,40531624,1669601486429,False,True
30224387,5.32000000,6.28000000,40531625,40531625,1669601486555,False,True
30224388,5.34000000,3.74000000,40531626,40531626,1669601486644,False,True
30224389,5.34000000,1.96000000,40531627,40531627,1669601486664,False,True
30224390,5.34000000,1.96000000,40531628,40531628,1669601486685,False,True
30224391,5.32000000,1.96000000,40531629,40531629,1669601493447,True,True
30224392,5.31000000,0.74000000,40531630,40531630,1669601493447,True,True
30224393,5.31000000,2.31000000,40531631,40531631,1669601494097,True,True
30224394,5.31000000,3.11000000,40531632,40531632,1669601494749,True,True
30224395,5.33000000,45.04000000,40531633,40531634,1669601500129,True,True
30224396,5.33000000,19.88000000,40531635,40531635,1669601500157,False,True
30224397,5.33000000,10.00000000,40531636,40531636,1669601500891,False,True
30224398,5.31000000,2.36000000,40531637,40531637,1669601516901,True,True
30224399,5.31000000,24.29000000,40531638,40531640,1669601518014,True,True
30224400,5.31000000,18.80000000,40531641,40531641,1669601518038,False,True
30224401,5.31000000,18.80000000,40531642,40531643,1669601518042,False,True
30224402,5.30000000,3.02000000,40531644,40531644,1669601519507,True,True
30224403,5.31000000,3.10000000,40531645,40531645,1669601552927,True,True
30224404,5.31000000,2.44000000,40531646,40531646,1669601560888,True,True
30224405,5.31000000,2.43000000,40531647,40531647,1669601607909,False,True
30224406,5.31000000,11.85000000,40531648,40531649,1669601621924,False,True
30224407,5.31000000,8.00000000,40531650,40531651,1669601638258,False,True
30224408,5.29000000,3.73000000,40531652,40531652,1669601640650,True,True
30224409,5.31000000,14.52000000,40531653,40531654,1669601691108,False,True
30224410,5.31000000,31.21000000,40531655,40531656,1669601721741,False,True
30224411,5.31000000,36.74000000,40531657,40531659,1669601724128,False,True
30224412,5.31000000,9.52000000,40531660,40531661,1669601734675,True,True
30224413,5.30000000,8.68000000,40531662,40531663,1669601734675,True,True
30224414,5.30000000,65.00000000,40531664,40531667,1669601749003,True,True
30224415,5.30000000,0.30000000,40531668,40531668,1669601761289,True,True
30224416,5.29000000,1.70000000,40531669,40531669,1669601761289,True,True
30224417,5.29000000,12.42000000,40531670,40531671,1669601765417,True,True
30224418,5.28000000,18.84000000,40531672,40531673,1669601765439,True,True
30224419,5.27000000,0.09000000,40531674,40531674,1669601765439,True,True
30224420,5.27000000,17.69000000,40531675,40531676,1669601795535,True,True
30224421,5.26000000,0.93000000,40531677,40531677,1669601795535,True,True
30224422,5.28000000,2.94000000,40531678,40531678,1669601798642,False,True
30224423,5.28000000,2.65000000,40531679,40531679,1669601801178,False,True
30224424,5.28000000,2.27000000,40531680,40531680,1669601801950,False,True
30224425,5.27000000,7.73000000,40531681,40531681,1669601869763,True,True
30224426,5.26000000,66.60000000,40531682,40531684,1669601869763,True,True
30224427,5.26000000,7.57000000,40531685,40531685,1669601869769,True,True
30224428,5.26000000,7.73000000,40531686,40531686,1669601869772,True,True
30224429,5.26000000,59.03000000,40531687,40531688,1669601869772,True,True
30224430,5.25000000,15.30000000,40531689,40531689,1669601869772,True,True
30224431,5.25000000,27.47000000,40531690,40531690,1669601869949,True,True
